2834 4780
541 433 701 536 ...³.¹„...

92 603 283 694 Utramque
306 608 534 678 condictionem
557 612 759 680 menifestum
787 620 836 682 ost
859 635 927 684 esso
951 615 1130 684 moneto:

95 751 184 803 nem
205 733 350 806 indebiti.

96 854 142 923 L.
163 859 218 924 13c
235 857 303 942 (46,
316 857 364 939 2).

153 997 218 1081 „si
238 1016 303 1064 uon
331 997 504 1066 debitorem
533 1002 624 1085 quasi
646 1001 820 1070 debitorem
846 1004 1031 1088 delegavero
1054 1025 1122 1074 ore-

152 1121 252 1188 nitori
272 1141 354 1207 meo,
376 1127 514 1212 eccepb'o
537 1126 638 1192 locum
659 1151 721 1193 noe
741 1128 872 1212 tacete,
896 1133 952 1196 ced
973 1133 1124 1197 condictio

152 1247 302 1312 adoerom
323 1269 401 1331 eom,
422 1249 480 1336 ραι·
502 1250 662 1337 delepooit,
687 1249 859 1340 competit.“

101 1401 245 1471 unc.
269 1403 281 1486 (
305 1405 375 1489 ,αι

155 1545 218 1630 „Si
251 1547 331 1612 citra
357 1545 456 1613 ullam
483 1550 727 1616 transactionem
753 1553 920 1637 pecuniam
948 1551 1122 1621 indebitam

152 1670 255 1736 alieno
278 1671 425 1738 creditori
447 1673 632 1758 promittere
654 1674 797 1756 delegato
813 1696 858 1760 es,
881 1679 1027 1742 advoces
1044 1702 1123 1758 eam,

153 1819 235 1884 quae
256 1807 284 1860 te
307 1797 467 1882 delepaoe‘t,
491 1798 714 1861 condictionem
734 1797 848 1864 dobere
863 1811 962 1886 poteo.

175 1952 209 2033 t)
242 1951 308 2018 Nec
330 1951 404 2018 licet
425 1952 538 2020 deinde
561 1952 703 2037 delegato
723 1956 1122 2040 adversusdslegotarium

107 2075 345 2162 exceptionibus
360 2077 418 2161 uti,
439 2077 553 2162 quibus
568 2082 678 2147 contre
694 2079 891 2164 delegantem
905 2086 992 2148 tutus
1006 2081 1121 2166 fueret,

106 2200 254 2286 inprimis
290 2201 473 2286 exceptione
508 2202 571 2268 doli
606 2207 638 2270 ct
667 2205 800 2288 ,ceteris
832 2204 1020 2290 similibus“,
1048 2207 1070 2271 i.
1093 2225 1120 2271 e.

107 2326 268 2412 perpetuis
297 2326 544 2412 exceptionibus,
570 2327 669 2392 veluti
689 2327 776 2413 pecti
799 2329 944 2396 conventi
964 2329 1121 2415 perpetui,

108 2449 159 2516 vel
176 2448 401 2534 jurisjurandi,
423 2450 474 2516 vel
496 2451 544 2516 rei
561 2449 731 2533 judicatae.
768 2450 817 2519 Eo
839 2452 941 2536 magis
963 2450 1049 2518 volet
1070 2469 1120 2518 re·
1205 2446 1208 2464 '

109 2573 182 2656 gula
208 2573 248 2640 ed
270 2573 440 2640 dissimiles
463 2574 680 2660 exceptiones,
709 2575 755 2641 ito
778 2575 818 2641 od
841 2573 1120 2643 excedentem.

110 2696 212 2780 (,imo
242 2702 274 2765 et
300 2698 334 2764 in
357 2695 432 2783 ee,“
456 2698 477 2765 l.
497 2699 547 2766 19.
570 2695 638 2783 [4o,
661 2696 732 2784 2])‚
762 2719 841 2786 quoe
869 2721 933 2767 non
954 2700 1002 2766 rei
1024 2719 1120 2767 causo

110 2821 238 2908 dantur,
260 2823 317 2900 sed
338 2823 410 2890 odic
433 2825 566 2908 sotoris,
589 2825 660 2892 odio
683 2824 866 2908 creditoris,
890 2843 970 2908 quae
993 2824 1120 2908 quidem

111 2946 140 3014 ei
167 2951 289 3014 mntem
317 2947 467 3016 creditori
496 2948 649 3016 obsistere
665 2953 827 3033 possunt,
859 2966 953 3030 quem
980 2946 1033 3013 lex
1061 2946 1120 3012 hoc

112 3069 179 3136 odic
193 3071 405 3157 persequitur,
421 3092 486 3138 nou
500 3071 565 3136 alii.
582 3068 735 3154 -Inque
750 3069 892 3153 delegato
908 3069 1119 3139 condictiones

111 3199 231 3262 tantum
253 3195 403 3264 adversus
426 3193 622 3278 delegantem
645 3194 867 3262 conceduntur.

112 3317 147 3384 L.
164 3319 214 3385 19.
231 3317 299 3404 (46,
320 3319 364 3402 2).
409 3397 411 3406 y

157 3463 256 3544 ,Doti
277 3465 424 3550 acceptio,
448 3481 528 3546 quse
549 3466 676 3549 poterut
696 3461 855 3544 delegati
873 3461 1000 3548 opponi,
1023 3472 1121 3526 cessat

155 3585 342 3670 inpersone
364 3585 545 3671 creditoris,
568 3587 619 3652 cui
642 3587 712 3671 quis
736 3585 896 3669 delegetm
920 3589 977 3652 ost.
1017 3584 1118 3650 Idem-

155 3733 211 3797 ραι
246 3723 288 3778 eet
323 3723 352 3777 et
383 3714 417 3776 io
451 3713 556 3778 coteste
592 3713 742 3778 similibus
776 3711 1018 3798 exceptantem,
1054 3707 1118 3772 imo

154 3837 186 3898 et
215 3835 249 3903 iu
289 3855 342 3920 ea,
376 3855 457 3920 quae
491 3853 531 3902 ox
568 3833 844 3904 Senatusconsolto
883 3831 948 3899 ilio
981 3829 1118 3896 familias

157 3955 309 4025 detur...
325 3955 354 4024 .“
