2834 4780
766 403 809 468 lt

351 582 508 668 Exooptto
540 585 648 648 entem
678 579 743 646 doli
777 585 872 666 etque
896 578 1055 646 oondiotio
1079 597 1123 646 ex
1143 597 1186 646 oo
1215 580 1303 664 qnod

188 737 193 744 ·
286 705 449 788 delegatus
473 705 541 772 sine'
563 723 657 772 oense
678 705 836 791 promisit,
858 723 923 770 non
945 722 986 769 ex
1008 723 1045 770 oo
1068 703 1154 788 qnod
1174 702 1303 787 delegor

286 831 386 895 terius
409 830 477 896 sine
500 849 594 896 oense
617 828 787 915 stipulatus
810 833 869 913 est,
891 813 1047 913 repetitae
1059 845 1127 894 esse
1141 827 1300 896 odeum.

285 953 405 1039 Aperte
420 954 511 1022 enim
534 951 689 1039 Ulpianus
710 953 798 1037 dioit,
821 952 956 1035 delegisti
976 952 1135 1038 inprimis,
1157 971 1222 1018 non
1243 952 1301 1018 de·

279 1059 419 1161 legentis
441 1078 597 1144 rationem
619 1077 766 1145 habuisse
787 1075 962 1160 lulianum,
984 1095 1057 1142 oum
1079 1075 1221 1159 delegato
1240 1097 1300 1142 no-

285 1219 359 1268 rom
380 1205 414 1268 et
434 1202 536 1284 magis
559 1201 705 1268 idoneom
722 1201 776 1285 jus
798 1220 890 1269 snum
912 1193 1122 1286 persequendi
1142 1201 1300 1268 retionem

284 1325 484 1392 oonoesserit.
523 1323 615 1391 Ratio
636 1325 737 1408 igitur
760 1326 844 1392 inter
864 1324 1064 1407 delegantem
1086 1329 1118 1390 et
1138 1323 1300 1409 delegate·

285 1450 370 1514 rium
392 1467 412 1514 e
433 1450 626 1536 promissore
649 1449 752 1515 Qun
774 1453 823 1515 est
843 1450 878 1514 in
891 1448 961 1516 -hoo
983 1467 1106 1535 qnoque
1128 1445 1238 1530 orent.

352 1572 389 1639 ln
421 1591 484 1642 nno
517 1591 592 1640 osen
624 1593 679 1658 ea,
714 1593 794 1658 qnee
823 1572 980 1656 deleganti
1007 1592 1079 1640 erm
1106 1571 1300 1656 delegetario
1406 1613 1407 1640 o

283 1698 403 1783 subest,
426 1699 507 1764 ratio
531 1717 626 1764 oense
640 1699 765 1764 videtur
785 1717 854 1765 esso
875 1699 1069 1784 exceptionis
1083 1696 1299 1780 delegntond»
1406 1723 1407 1730 ¹

285 1841 396 1890 versus
417 1823 643 1906 delegatorium
663 1841 844 1904 oonoessee3
864 1842 941 1890 nem
959 1822 993 1888 in
1010 1822 1033 1887 l.
1046 1824 1078 1888 8.
1093 1820 1123 1904 d.
1135 1822 1167 1887 4.
1184 1821 1252 1906 (16,
1265 1821 1299 1904 1)

283 1947 427 2029 delegeto
457 1948 673 2032 exceptionem
696 1946 771 2014 Sfiti
792 1946 947 2031 VelleJeni
975 1946 1082 2012 detnm
1108 1947 1299 2031 invenimus,

285 2089 379 2154 quam
403 2069 551 2154 delegans
575 2070 724 2136 adversus
746 2070 973 2153 delegetnn'nm
996 2071 1114 2138 hebuit.

281 2192 321 2260 L.
338 2196 370 2260 8.
393 2192 422 2276 d.
439 2195 470 2260 3.
494 2194 536 2260 ed
556 2193 674 2261 SCtum
697 2194 777 2260 Vell.
801 2193 931 2279 (16,1).

331 2317 519 2402 „Interdum
540 2319 747 2386 intersedenti
768 2319 895 2386 mulieri
917 2323 950 2386 et
965 2318 1120 2386 condietio
1136 2319 1297 2405 oompstlt,

327 2449 405 2528 pute
433 2445 461 2510 si
488 2449 597 2512 eontra
620 2416 934 2512 Senenmoonsnltnm
962 2443 1100 2527 obligata
1125 2444 1296 2512 debitorem

330 2587 422 2632 soom
445 2567 645 2650 delegaverit.
675 2567 704 2651 d.
719 2571 753 2634 4.
784 2567 847 2635 Sed
871 2569 898 2634 si
919 2569 958 2652 is,
983 2569 1036 2653 qui
1059 2568 1229 2635 omnliere
1240 2569 1295 2638 do·
1408 2549 1409 2638 l

328 2691 451 2774 legatus
474 2695 533 2774 est,
556 2691 679 2758 debitor
694 2690 761 2774 ejus
776 2712 839 2758 non
853 2691 926 2776 lrrit,
948 2693 1132 2778 exeeptione
1147 2691 1295 2760 Senatus»

229 2856 232 2862 ·
329 2815 463 2882 consulti
474 2816 592 2901 poterit
603 2815 661 2899 uti,
675 2795 936 2899 quemadmodum
947 2815 1294 2900 mulieris-lidejnsmr.“
1327 2868 1335 2880 .
1408 2901 1409 2908 ἵ

373 2938 434 3018 Qui
457 2945 563 3008 entem
584 2939 703 3007 leotnm
722 2944 780 3024 eet,
803 2944 840 3006 ut
854 2940 888 3006 in
902 2939 961 3006 hoo
974 2959 1050 3006 oesu
1065 2942 1220 3028 exceptio,
1244 2942 1296 3010 de·
1408 2911 1409 2924 ἵ

283 3064 387 3146 legato
410 3084 574 3149 concesse,
603 3087 643 3131 ex
665 3065 744 3149 otia,
768 3069 863 3150 etque
883 3064 1020 3130 normali
1041 3083 1137 3132 oense
1156 3067 1297 3152 profeoto

283 3184 347 3254 sit?
386 3186 442 3252 ‘Ite
470 3188 537 3254 sine
560 3189 671 3256 dnbio:
698 3189 870 3256 seeundum
892 3189 1034 3271 regnlmo
1055 3189 1151 3256 modo
1172 3191 1296 3276 exposi-

276 3317 349 3378 -tnm
377 3310 538 3396 crederes,
566 3287 744 3394 delogetnm
772 3312 962 3395 delegatorio
991 3315 1211 3400 exceptionem
1233 3314 1297 3380 doli

284 3437 503 3524 opposionum
531 3455 614 3517 esse,
643 3437 732 3520 etqui
754 3436 831 3504 lreeo
852 3435 961 3519 regulo
982 3437 1071 3504 nullo
1090 3443 1185 3526 proto
1205 3457 1297 3506 usur-

283 3563 354 3648 pari
388 3564 508 3646 potest,
543 3561 675 3645 etenim,
709 3581 900 3646 quemquem
929 3561 1138 3644 delegetnrius
1167 3568 1297 3650 propter

283 3684 400 3754 SOtum
416 3683 497 3752 Voll.
521 3683 663 3752 mulieris
686 3684 822 3756 oreditor
844 3705 907 3752 non
930 3689 1118 3772 esttamen
1141 3687 1208 3772 ejus
1229 3706 1297 3754 ore-

317 3957 320 3964 -
340 3923 361 3987 ¹)
386 3919 428 3976 (ll.
447 3921 530 3978 etiem
547 3918 684 3978 Erxleben
707 3919 770 3976 eod.
787 3924 816 3976 et
833 3919 965 3991 Sintenis,
990 3921 1079 3998 Prset
1097 3921 1189 3981 Oivilr.
1214 3921 1294 3978 r.11.

282 4021 306 4082 §-
324 4017 383 4083 105.
