2834 4780
619 429 665 494 na

137 609 231 679 nor«
248 611 313 691 so,
334 627 394 692 pro
417 615 479 690 quo
501 605 616 674 antu
636 582 969 690 intumuit3'quodsi
992 623 1032 672 ss
1054 606 1154 692 supe

137 732 257 800 latione
281 741 358 800 cum
381 731 526 812 delmato
547 731 630 814 egit,
656 731 822 816 pecuniam
842 749 935 796 snam
958 731 1084 813 exigere
1106 730 1154 796 st

130 856 243 940 nour,
266 875 325 924 nec
337 855 439 926 'sulus
453 854 548 922 dolus·
567 855 597 920 ei
618 855 803 939 exprobrari
824 859 939 940 potest.
970 854 1069 938 Atqui
1083 873 1154 920 mn-

138 980 267 1064 lierem,
302 980 364 1045 nisi
399 979 616 1064 exceptionem
650 977 790 1062 aliquam
824 977 965 1060 delegem
1000 978 1154 1062 conculis,

138 1121 255 1190 parum
277 1107 379 1168 tutam
402 1123 485 1186 esse,
514 1101 715 1168 manifestum
739 1105 803 1182 est,
830 1121 920 1185 nam,
948 1102 1082 1184 delegati
1104 1123 1154 1168 re-

139 1229 264 1310 gressui
286 1228 416 1311 objecta,
440 1245 632 1312 quamquam
650 1224 880 1295 condictionem
902 1227 1052 1292 adversus
1071 1225 1155 1292 delo-

139 1352 297 1434 gatarinm
319 1351 423 1436 habet,
446 1355 553 1436 tamen
576 1351 700 1416 evenire
722 1353 838 1434 potest,
860 1353 897 1414 ut
913 1370 975 1415 non
990 1354 1155 1436 recuperet

139 1476 307 1560 pecuniam
330 1495 430 1560 suam,
455 1475 481 1540 si
503 1473 712 1557 delegatorios
727 1494 790 1539 non
806 1473 954 1540 solvendo
970 1478 1027 1539 est.
1058 1473 1154 1559 Ergo,

141 1601 169 1665 si
192 1579 461 1686 non‘exc'eptione
484 1598 559 1683 doli,
583 1588 700 1663 atalia
723 1597 859 1682 quadam
882 1599 1077 1684 exceptione,
1100 1595 1155 1666 de·
1249 1630 1253 1636 =

140 1723 244 1806 legato
268 1724 475 1808 concedenda,
499 1721 730 1788 incommodum
754 1742 774 1786 a
794 1721 912 1787 femina
927 1722 1156 1788 defendendum

141 1853 204 1915 este
235 1847 317 1932 quod
340 1851 376 1912 ut
397 1847 469 1931 liat,
493 1844 748 1930 jurisconsultus,
772 1863 843 1911 cnm
867 1845 1038 1911 similitudo
1061 1865 1156 1930 quao-

140 1973 218 2038 dam
239 1989 307 2037 esse
323 1972 468 2037 videatur
488 1967 682 2054 fidejussoris
705 1974 737 2035 et
754 1969 899 2053 delegati,
922 1969 1006 2053 hoio,
1029 1967 1155 2036 ut‘fide·

137 2096 273 2180 jussori,
306 2087 522 2182 exceptionem
551 2093 625 2160 son
653 2095 805 2161 concedit.
855 2093 935 2160 Esse
965 2099 1070 2160 autem
1097 2095 1156 2161 lroo

142 2220 348 2304 anomalitm,
374 2220 564 2292 feminarum
592 2206 695 2302 gratia
715 2216 944 2303 introductam,
971 2219 1022 2286 vel
1045 2237 1085 2284 ex
1108 2239 1155 2302 ea,

138 2345 432 2430 quae'adhibetur,
460 2343 654 2428 fidejussoris
680 2363 794 2429 parum
816 2343 929 2408 idonea
952 2341 1156 2410 similitudine

142 2469 339 2552 intelligitus

210 2593 324 2658 Dicere
346 2593 444 2676 igitur
465 2591 555 2660 licet:
579 2590 750 2670 secundum
772 2591 933 2677 propriam
952 2589 1156 2673 delegationis

136 2713 321 2801 uodonem,
349 2718 383 2782 in
411 2735 447 2782 oo
466 2717 571 2782 otiam
600 2732 691 2800 casu,
719 2716 752 2780 in
778 2733 841 2800 quo
863 2733 927 2781 non
950 2715 1074 2782 debitor
1093 2736 1156 2781 non

144 2838 317 2908 debitorem
338 2837 521 2925 delegauit,
556 2839 792 2926 stipulationem
820 2840 904 2930 inter
931 2839 1157 2919 delegatorium

145 2970 176 3031 et
198 2965 376 3048 delegatum
399 2965 543 3031 stabilem
563 2979 704 3046 manere,
724 2981 783 3031 noc
798 2961 1033 3046 exceptionibus
1048 2961 1157 3028 aliisve

145 3088 388 3171 defensionibus,
411 3108 451 3152 ex
466 3088 610 3173 pristinis
626 3087 728 3154 causis
744 3085 899 3170 repetitis,
916 3086 1040 3151 concuti
1053 3105 1156 3171 posse.

211 3211 294 3277 Illud
326 3213 425 3294 igitur
453 3211 659 3294 delegationis
687 3213 801 3277 natura
828 3207 908 3276 effici
936 3210 1077 3293 videtur,
1110 3215 1157 3295 nt,

145 3337 254 3424 paucis
283 3335 469 3420 quibusdam
492 3336 615 3403 casibus
637 3319 803 3422 exceptis,¹
822 3335 855 3400 in
878 3333 990 3421 quibus
1012 3335 1157 3401 hnmani·

145 3463 220 3528 tatis
244 3479 339 3527 causa
361 3460 447 3526 aliud
470 3461 545 3545 quid
567 3459 780 3526 introductum
797 3463 856 3543 est,
879 3459 1052 3544 stipulatio,
1075 3459 1158 3525 inter

145 3587 322 3668 delegatum
346 3590 377 3651 et
399 3585 625 3668 delegatarium
647 3587 818 3667 connecto,
841 3593 880 3649 ex
895 3583 1038 3669 pristinis
1053 3583 1157 3649 causis
1191 3641 1194 3646 ,

144 3731 273 3797 prorsus
295 3703 359 3776 non
381 3709 526 3796 pendeat.

211 3835 336 3922 Itaque,
365 3835 393 3902 si
421 3840 551 3922 propter
576 3832 657 3900 hano
680 3828 915 3920 stipulationem
937 3831 1085 3916 delegans
1107 3830 1157 3898 vel

146 3959 354 4042 delegatamus
378 3960 445 4027 sine
468 3977 564 4026 causa
584 3958 770 4044 locupletior
791 3958 892 4024 factus
916 3961 974 4040 est,
996 3954 1157 4040 delegatus
