2852 4780
21 675 22 678 ¹
165 689 225 758 De
254 687 491 776 stipulationis
526 691 614 756 inter
647 689 893 778 doloqotortom
923 702 957 760 et
991 691 1182 782 temporam

450 823 648 880 ooorrooooo
670 815 899 900 conceptione.
1033 813 1037 818 ’

235 933 279 1004 111
300 937 335 1004 in
357 953 432 1004 oasu
453 936 589 1006 normali
612 953 652 1004 ex
670 939 871 1026 ooneeptione
887 938 1099 1038 stipulationis
1115 940 1181 1010 616-

166 1079 239 1130 oere
262 1061 398 1130 ddimus
421 1081 485 1131 uon
505 1060 644 1149 pendere
666 1081 737 1130 eam
759 1083 799 1129 ex
821 1063 925 1131 oausis
947 1062 1107 1150 pristinis,
1135 1065 1182 1132 ita

168 1185 265 1254 etiam
286 1187 321 1252 iu
343 1185 415 1254 aliis
437 1187 561 1254 oasibm
584 1191 641 1254 eet.
671 1186 831 1254 Normolis
851 1187 950 1271 igitur
969 1185 1181 1275 stipulationis

166 1309 269 1378 forma
290 1310 342 1378 hio
363 1329 427 1378 nou
449 1311 505 1377 illa
534 1316 597 1377 eet:
627 1311 709 1396 quod
737 1315 772 1378 16
795 1311 878 1377 Titio
907 1311 1018 1398 debes,
1046 1312 1079 1378 id
1101 1311 1181 1379 mihi

167 1432 243 1500 dere
266 1435 424 1520 spondes?
447 1435 529 1522 quod
551 1441 587 1501 tu
603 1433 685 1502 Titio
708 1435 880 1502 donaturus
903 1455 948 1522 66,
963 1436 997 1502 id
1011 1437 1090 1502 mihi
1104 1436 1180 1503 dare

168 1557 323 1642 spondes?
358 1558 441 1644 quod
473 1563 508 1625 16
537 1559 620 1625 Titio
649 1557 827 1626 crediturus
854 1579 906 1644 es,
937 1561 971 1626 id
998 1560 1077 1626 mihi
1104 1561 1180 1626 dare

168 1683 324 1767 spondes?
346 1683 397 1750 vel
418 1681 488 1749 illa:
512 1683 596 1766 quod
611 1682 713 1748 Titius
734 1682 812 1748 mihi
831 1683 940 1767 debet,
962 1682 995 1747 id
1010 1683 1089 1748 mihi
1104 1681 1179 1750 dere

168 1803 325 1892 spondes?
348 1807 431 1892 quod
454 1806 556 1874 111166
578 1805 656 1872 mihi
679 1806 851 1872 donaturus
875 1811 939 1890 est,
962 1805 995 1870 id
1010 1805 1088 1870 mihi
1104 1805 1179 1872 dare

166 1928 324 2016 spondes?
348 1930 431 2014 quod
447 1901 549 1996 Titius
570 1927 649 1996 mihi
672 1929 847 1996 crediturus
871 1934 929 2014 est,
952 1929 984 1995 id
1007 1929 1086 1995 mihi
1103 1927 1179 1996 dare

155 2053 325 2138 spondes?
341 2089 382 2100 -
399 2054 455 2120 sed
478 2052 689 2141 stipulationis
711 2055 807 2124 verba
829 2054 942 2120 haeoee
958 2057 1046 2120 sunt:
1071 2054 1178 2121 deoem

166 2177 245 2242 mihi
267 2176 342 2244 dare
365 2178 521 2266 spondes?
553 2177 639 2245 Haeo
661 2184 745 2246 terte
767 2178 903 2246 formula
925 2197 963 2244 ea
984 2177 1061 2263 fuit,
1084 2199 1178 2264 quam

166 2306 345 2388 speetautes
360 2299 578 2387 jurisconsulti
597 2307 766 2390 praesepta
780 2302 819 2369 de
834 2301 1039 2384 delegationis
1054 2302 1179 2369 ossibus

83 2451 90 2458 ·
165 2423 374 2512 promerunt.
419 2428 617 2512 Argumenta
649 2431 774 2511 autem,
809 2427 843 2492 in
874 2425 989 2510 quibus
1023 2426 1179 2492 sententia

165 2554 274 2616 nostra
301 2551 405 2638 posita
432 2557 497 2637 661,
526 2551 643 2618 similia
669 2551 710 2618 iis
738 2556 827 2634 sunt,
856 2569 936 2636 quae
967 2569 1063 2636 supra
1091 2549 1121 2633 §.
1145 2551 1177 2616 8.

165 2671 200 2739 Ρ.
228 2671 267 2740 Π.
297 2673 470 2743 attulimus.
517 2673 713 2762 Simulatque
747 2677 831 2744 enim
864 2694 928 2741 una
956 2695 997 2742 ex
1021 2674 1178 2760 pristinis,

165 2797 232 2864 6166
254 2799 337 2866 inter
359 2799 556 2884 delegantem
578 2806 610 2867 et
632 2801 875 2884 delegatorium,
898 2800 965 2864 6166
987 2797 1071 2864 inter
1093 2798 1176 2864 dele-

165 2926 271 3005 gatum
296 2928 329 2990 et
349 2923 546 3006 delegantem
571 2923 763 3006 rationibus,
788 2924 823 2987 in
850 2939 965 2986 novam
986 2920 1177 3002 1616661616-

164 3049 273 3127 gatum
296 3050 329 3110 61
349 3046 576 3128 delegaterium
599 3045 820 3127 obligationem
842 3044 1047 3128 transfertur,
1075 3044 1176 3130 impe-

165 3166 227 3233 diri
248 3185 312 3233 non
333 3173 454 3254 potest,
481 3169 557 3254 quin
578 3167 739 3250 delegatus
762 3188 781 3233 a
803 3168 994 3250 delegatoris
1016 3168 1086 3254 ipso
1103 3166 1177 3251 J'ure

163 3294 252 3358 tutas
275 3291 333 3376 sit,
357 3293 384 3358 61
406 3293 457 3360 661
478 3294 548 3380 ipse
563 3293 713 3359 adversus
728 3292 923 3376 delegantem
931 3337 944 3377 ,-
963 3292 1013 3360 vel
1029 3291 1176 3374 delegans

165 3386 315 3482 adversus
338 3391 565 3501 delegatorium
587 3417 783 3484 defensiones
802 3418 925 3485 habuit:
949 3416 1073 3483 debitor
1091 3416 1176 3481 enim

165 3541 343 3626 putativus,
367 3561 387 3628 6
407 3560 470 3627 666
493 3543 678 3629 stipulatum
701 3547 771 3610 estz·
799 3541 882 3627 quod
904 3545 940 3606 tu
963 3540 1046 3606 Titio
1069 3539 1174 3624 debes,

165 3664 198 3730 id
220 3665 298 3732 mihi
321 3665 397 3732 dare
419 3666 576 3752 spondes?
599 3685 618 3732 a
641 3668 750 3752 666616
767 3665 970 3750 delegatorio,
993 3665 1058 3731 6166
1073 3663 1174 3730 oredi-

165 3792 226 3874 tor,
249 3791 315 3857 6166
338 3789 538 3875 donatarius,
559 3789 626 3856 6166
648 3791 770 3858 debitor
787 3792 913 3858 iuturus
929 3794 977 3857 est
990 3789 1176 3873 delegantis,

165 3913 234 4000 ipso
252 3913 326 3998 jure
347 3917 435 3984 tutus
458 3919 521 3996 eet3
552 3914 734 3983 donatorem
764 3893 903 4001 666666,
931 3915 985 3999 661
1008 3933 1042 3980 66
1063 3913 1097 3979 id
1119 3913 1174 3983 da·
