2852 4780
1409 6 1417 66 l

685 361 844 463 „PL

325 539 353 623 e)
376 539 564 624 Priusquam
579 535 725 608 Julianus
743 539 802 608 heo
816 539 965 624 instituit,
988 538 1130 623 delegato
1145 544 1275 609 tantum

258 665 486 732 eondietionem
508 664 658 731 adversus
682 664 877 748 delegantem
901 683 1080 732 oonoessam
1102 664 1209 733 fuisse.

324 789 410 873 Ergo
425 788 477 856 hie
499 809 621 875 quoque
637 793 775 858 statuere
789 809 968 876 possumus,
990 808 1031 856 ex
1048 788 1132 872 juris
1147 788 1273 856 subtili·

258 919 323 982 tate
344 914 541 1000 pristinaque
564 913 768 998 delegationis
790 915 912 980 ratione
927 912 1105 996 delegatum
1120 912 1274 983 advorsus

259 1038 485 1122 delegatorium
502 1039 594 1118 ¹omni
617 1059 722 1106 oerore
746 1039 929 1124 exceptione
952 1041 983 1105 et
1005 1037 1201 1124 defensione,
1231 1059 1275 1106 ex

258 1183 370 1230 oausae
394 1163 535 1230 absentie
556 1163 677 1248 petitis,
701 1181 737 1228 ao
759 1167 882 1228 tantum
897 1161 1125 1230 eondietiononr
1139 1162 1275 1230 indebiti

259 1287 409 1354 adversus
439 1286 634 1370 delegantem
663 1287 795 1370 habere,
829 1291 861 1354 et
888 1286 1015 1370 quidem
1043 1286 1275 1358 modiationem

260 1413 348 1495 serti,
372 1412 400 1476 si
421 1412 555 1497 peeunia
572 1411 640 1490 jam
663 1411 765 1488 solnta
787 1415 846 1496 est,
870 1409 920 1476 vel
942 1410 1065 1496 inserti,
1089 1410 1116 1478 ui
1139 1413 1276 1498 petuma

258 1533 398 1602 nondum
421 1534 523 1600 soluta
546 1539 603 1602 est.

327 1658 363 1724 In
385 1660 425 1726 iis
449 1665 565 1745 autem,
588 1680 666 1745 quas
690 1659 793 1750 attuli,
816 1658 937 1742 legibus
961 1677 1065 1744 quum
1081 1659 1119 1726 de
1139 1679 1203 1727 non
1218 1661 1276 1730 de-

259 1774 413 1866 bitoribus
436 1785 469 1851 in
492 1785 674 1851 universum
698 1785 870 1850 disseretur
892 1803 950 1853 nee
972 1783 1194 1869 distinguatur,
1217 1786 1275 1852 de-

259 1908 382 1992 legatus
405 1910 474 1996 ipso
492 1909 565 1992 jure
587 1908 666 1974 nihil
689 1908 842 1994 debuerit,
866 1929 907 1975 an
920 1913 1075 1995 perpetua
1090 1909 1277 1996 exceptione

260 2036 348 2098 tutus
377 2033 488 2116 fuerit,
516 2053 556 2098 ne
584 2031 736 2116 solveret,
765 2052 823 2098 neo
849 2036 993 2100 nostrum
1021 2037 1070 2100 est
1094 2013 1196 2100 varie¹
1210 2053 1277 2100 non

261 2155 439 2222 debitorum
462 2176 577 2240 genere
601 2156 803 2240 distinguere.
837 2155 886 2222 Ee
909 2158 1007 2240 igitur
1021 2156 1181 2244 quaeillis
1196 2156 1276 2224 loeis

261 2280 346 2346 dieta
373 2285 463 2368 sunt,
491 2279 532 2350 ad
560 2285 728 2366 utrumque
751 2301 814 2354 non
837 2279 1013 2349 debitorum
1032 2301 1134 2365 genus
1156 2281 1277 2350 referre

262 2404 420 2473 debemus.

330 2533 361 2598 2.
385 2530 467 2608 Quid
482 2551 568 2615 vero,
592 2531 619 2596 si
635 2531 782 2613 obligatio
798 2531 925 2617 quidem
947 2531 1032 2598 inter
1047 2529 1225 2614 delegatum
1241 2535 1277 2598 et

261 2654 458 2736 delegantem
472 2654 567 2738 velet,
590 2653 716 2721 donatio
731 2659 847 2740 autem
871 2676 890 2720 a
905 2655 1275 2738 delegentedelegetario

261 2780 360 2863 faeta,
390 2783 445 2847 aut
466 2779 536 2864 ipso
555 2777 627 2861 jure
650 2777 738 2844 nulla
760 2783 823 2862 est,
850 2783 905 2846 out
928 2800 987 2866 ope
1010 2781 1202 2866 exeeptionis
1224 2780 1274 2846 iu-

218 2979 221 2982 ,
262 2904 382 2970 firmari
404 2902 529 2990 potest?
566 2901 695 2968 Licetne
719 2903 861 2986 delegato
886 2905 1085 2992 exeeptiones
1109 2923 1145 2970 ae
1166 2904 1275 2972 deien-

263 3029 367 3094 sionos
397 3049 437 3094 ex
465 3028 586 3094 ratione
615 3027 789 3110 delegantis
813 3029 853 3094 sd
877 3028 1103 3112 delegaturium
1125 3029 1275 3096 adversus

263 3152 488 3236 delegatorium
510 3152 663 3238 proferre,
687 3171 727 3218 an
749 3153 876 3220 minus?
996 3222 998 3228 ‚

329 3275 432 3354 Quum
459 3275 510 3342 hio
538 3277 640 3352 fontes
664 3277 830 3344 videantur
860 3277 1053 3358 distinguere
1080 3278 1163 3347 inter
1191 3295 1276 3360 eum,

263 3421 381 3486 tasum,
403 3401 438 3469 in
460 3421 523 3486 (1110Ἰ
538 3400 664 3467 donatio
679 3401 756 3488 ipso
775 3399 849 3482 jure
863 3401 950 3472 nulla
966 3405 1025 3486 est,
1049 3422 1065 3467 e
1093 3403 1276 3484 intersum,

261 3528 295 3595 in
320 3547 380 3611 quo
404 3545 463 3611 ope
487 3526 680 3612 exeeptionis
701 3525 904 3610 impugnatur
920 3515 1057 3611 donatio,
1079 3544 1138 3610 nes
1152 3543 1277 3608 quoque

263 3651 341 3717 duos
363 3651 420 3716 hos
444 3669 535 3716 ossus
559 3651 735 3716 discernere
758 3646 917 3714 debemus.
1034 3718 1036 3724 ,

331 3775 362 3856 a)
387 3773 556 3841 Ordiamur
580 3794 601 3844 a¹
619 3772 789 3857 posteriori
812 3791 897 3839 oasn.
931 3771 980 3838 De
1002 3791 1063 3857 que
1079 3769 1226 3856 inprimis
1241 3771 1276 3839 in

262 3899 283 3964 l.
301 3900 354 3964 21.
370 3896 399 3980 ξ.
419 3901 447 3964 1.
465 3898 531 3980 (39,
547 3897 581 3978 5)
605 3895 787 3982 disseritur,
811 3898 865 3982 qui
887 3895 990 3980 loeus,
1014 3913 1204 3980 quemquam
1228 3899 1277 3962 est
