2852 4780
690 409 848 510 ..¹-⁰.²...

264 589 318 674 qui
340 569 508 671 delegavit,
530 584 581 652 vel
603 584 728 670 mulier,
750 589 786 652 ut
801 583 853 652 vel
873 584 987 654 liberet
1008 585 1194 672 debitorem,
1217 586 1285 674 rel,

265 711 292 778 si
315 711 424 795 solvit,
450 716 487 776 ut
508 709 642 796 paeonia
663 709 693 774 ei
715 706 897 776 reddatur.“

329 833 368 901 L.
391 834 445 900 41.
468 855 517 919 pr.
541 834 616 918 (42,
641 832 689 915 1).
737 831 933 917 „Nessonius
955 831 1165 920 Apollinaris:
1195 835 1224 903 si
1247 842 1281 904 te

264 961 454 1028 donatorum
482 957 560 1026 mihi
589 957 772 1041 delegavero
796 957 945 1026 creditori
966 977 1056 1044 meo,
1084 978 1125 1026 an
1146 960 1181 1026 in
1203 960 1281 1028 soli·

265 1083 340 1152 dum
363 1083 594 1152 eonveniendus
617 1081 682 1148 sisi
695 1129 793 1150 .....
837 1079 881 1150 Et
902 1081 979 1168 qnid
1001 1081 1041 1150 de
1063 1101 1118 1168 eo,
1144 1083 1198 1169 qni
1217 1105 1282 1172 pro

264 1208 413 1293 muliere,
440 1208 492 1276 eui
519 1206 637 1274 donare
665 1205 807 1291 volebat,
836 1206 950 1274 marito
979 1206 1047 1291 ejus
1075 1207 1183 1275 dotem
1204 1229 1282 1296 pro·

264 1331 408 1400 miserit?
453 1330 644 1417 Respondit,
673 1333 760 1398 mollo
788 1333 922 1398 oreditor
945 1333 1123 1420 arreptione
1144 1355 1281 1400 menno-

265 1462 403 1543 neretum
417 1502 509 1522 .....
531 1457 585 1522 'croi
611 1457 720 1522 similis
748 1467 792 1522 eat
813 1457 958 1541 moritur,
987 1455 1127 1524 maximo
1154 1457 1281 1526 dobn-

267 1583 370 1648 stante
391 1579 592 1646 matrimonio
615 1575 734 1665 persar

333 1705 365 1772 3.
393 1703 516 1772 Deinde
539 1703 726 1772 dooumanto
753 1703 845 1772 nobis
867 1707 917 1770 est
943 1702 998 1771 ille
1020 1722 1130 1789 owse,
1158 1705 1193 1772 in
1216 1724 1280 1790 quo

267 1829 337 1915 quis
360 1827 517 1912 deleganti
540 1829 716 1895 crediturne
742 1827 903 1912 delegatus
925 1832 975 1894 est
997 1827 1038 1914 ei,
1059 1829 1109 1895 oui
1132 1828 1283 1913 delegans

267 1953 409 2022 debitum
432 1953 551 2020 solvere
574 1953 714 2020 volebat:
796 1957 799 1962 “
1123 1999 1126 2004 ‚

264 2161 266 2166 ι
304 2076 372 2170 ¹L.
396 2076 428 2144 5.
458 2075 493 2141 Ο.
517 2075 548 2142 h.
573 2081 596 2142 t.
621 2075 722 2160 (VIII,
744 2076 819 2159 42).
867 2075 1314 2164 „Sipsortuusoairo-

222 2237 228 2247 ·
269 2200 455 2268 sueoenisse
477 2200 646 2287 proponis,
668 2201 833 2286 oreditori,
855 2219 914 2288 pro
931 2200 1113 2268 Menandro
1136 2207 1283 2290 suseepto

268 2327 411 2411 nomine,
435 2329 554 2393 oertam
573 2328 739 2414 peouniam
755 2325 920 2414 stipulanti
934 2325 1119 2414 spopondit,
1141 2329 1212 2394 boet
1220 2352 1286 2417 per

268 2455 495 2540 inprobitatem
517 2455 697 2519 Aleoooder
726 2455 755 2518 ei
776 2455 851 2519 satie
872 2475 935 2518 oon
949 2451 1044 2541 feeit,
1073 2464 1176 2520 nmen
1198 2475 1291 2520 rone·

268 2599 339 2642 moe
355 2579 530 2663 promissos
552 2579 645 2643 nimie
664 2579 805 2664 improbe
826 2577 937 2644 solatio
959 2588 1099 2680 negano.

670 2823 879 2833 ...ιιι-...-

337 3071 487 3149 Quamvis
509 3075 602 3160 penei
625 3075 689 3142 sint
702 3075 839 3144 fontium
852 3075 900 3144 illi
914 3076 992 3161 looi,
1015 3097 1093 3164 quos
1108 3077 1283 3164 attulimus,

270 3201 376 3260 nmen
398 3201 563 3282 putamus,
593 3219 647 3265 eos
676 3200 723 3265 ita
745 3204 943 3286 comparatos
966 3221 1051 3286 esse,
1079 3206 1116 3269 nt
1138 3202 1166 3268 ei
1189 3203 1291 3270 simul.
1361 3187 1364 3194 ¹

270 3336 323 3384 eos
352 3337 461 3403 ossus,
491 3320 546 3404 qui
569 3318 618 3403 ἐξ.
641 3322 681 3406 4,
704 3323 739 3406 5,
761 3325 794 3407 6,
819 3324 851 3406 t,
877 3320 913 3387 P.
936 3321 975 3389 11.
1000 3326 1032 3390 st
1054 3322 1083 3408 b.
1107 3327 1146 3411 4,
1167 3325 1204 3392 P.
1227 3325 1282 3393 III.

186 3485 189 3492 ,
271 3443 409 3528 expositi
432 3448 522 3529 sunt,
546 3443 766 3530 generalisque
790 3451 975 3528 argumente
997 3425 1165 3536 respioies,
1190 3449 1283 3518 facile

269 3566 304 3633 in
326 3567 509 3638 universum
532 3573 652 3637 statues
675 3589 762 3654 eam,
791 3589 870 3656 quae
895 3571 980 3640 inter
1002 3573 1228 3657 delegatoriom
1251 3578 1287 3644 et
1422 3575 1423 3588 ¹

271 3691 450 3774 delegatum
479 3693 619 3760 exoritur
637 3713 761 3761 noram
789 3694 1011 3780 obligationem
1038 3696 1126 3764 nulla
1154 3696 1222 3765 fers
1247 3699 1283 3766 in
1422 3693 1423 3706 ³

270 3836 306 3883 re
329 3836 369 3882 ex
391 3816 535 3903 pristinis
558 3788 917 3903 oensisdijudioaodem
940 3841 1018 3888 esse.
