2852 4780
571 429 732 528 ..ss-

142 611 231 692 eret,
244 625 293 674 ne
315 603 432 688 eoiret,
454 609 624 692 copeturee'
644 607 778 692 sotem
802 610 833 674 et
847 603 974 674 hebebit
992 605 1162 674 condictio·

140 749 220 801 nem
242 729 393 799 uduereus
415 727 581 796 mulierem
604 733 661 796 snt
680 733 821 814 putrem,
851 735 922 798 uter
944 749 1053 798 eorum
1076 730 1161 798 dele·

142 855 250 939 gerit,
287 853 327 922 ob
366 853 418 938 id,
455 851 539 937 quod
575 849 751 920 indebitum
790 855 904 921 morito
943 855 1091 941 promisit
1131 858 1164 920 et

143 975 299 1048 soluit.“.

213 1101 251 1168 L.
274 1101 308 1168 4.
341 1098 371 1183 ξ.
394 1101 439 1170 20
460 1103 494 1168 et
515 1100 569 1168 21.
602 1099 679 1185 (44,
698 1100 743 1182 4).
792 1099 892 1184 „Item
922 1101 1102 1187 quaeritur,
1136 1102 1163 1168 si

145 1226 272 1294 debitor
293 1243 383 1296 meus
412 1229 445 1294 te
467 1223 746 1308 circumveniebat,
774 1228 868 1310 teque
888 1225 968 1292 mihi
990 1245 1080 1293 reum
1108 1226 1163 1292 de-

146 1350 246 1435 derit,
279 1368 398 1459 egoque
426 1348 482 1415 ebs
510 1351 542 1413 te
572 1346 741 1434 stipulatus
767 1348 875 1434 fuero,
904 1350 1017 1418 deinde
1045 1356 1163 1438 potam

13 1571 18 1578 Ι
147 1494 189 1542 en
217 1473 282 1542 doli
309 1473 387 1542 meli
416 1472 559 1560 exceptio
588 1471 700 1542 obstet.
745 1471 789 1540 Et
816 1477 917 1562 mepte
946 1487 1005 1558 eet,
1040 1487 1075 1542 ut
1101 1501 1163 1542 ooo

147 1601 203 1666 tite·
223 1600 423 1686 per-mittutur
450 1599 489 1664 de
517 1597 589 1664 dolo
617 1599 763 1666 dotum
784 1600 845 1664 mei
868 1601 1015 1664 adversus
1035 1623 1086 1665 mo
1109 1623 1162 1666 eo·-

146 1724 264 1810 cipm,
304 1739 402 1807 quum
436 1737 500 1788 nou
539 1737 597 1800 ego
631 1722 663 1788 te
696 1718 972 1804 circumvenerim,
1012 1721 1163 1788 aduersus

146 1845 253 1932 ipsum
275 1849 381 1912 cutem
402 1843 578 1931 debitorem
598 1859 703 1910 meum
727 1842 847 1927 poteris
870 1842 1040 1928 experiri.“

218 1968 301 2053 „Sed
324 1972 357 2033 et
377 1965 542 2034 si'mulier
563 1970 637 2051 pest
659 1964 833 2048 admissum
859 1965 966 2034 dolum
989 1967 1163 2036 debitorem

148 2111 240 2160 suum
273 2091 389 2160 merito
418 2091 452 2158 in
481 2089 586 2158 dotem
615 2087 823 2176 delegaverit,
857 2094 939 2158 idom
961 2095 1163 2180 probandum

148 2219 221 2301 erit,
245 2217 285 2284 de
306 2215 378 2284 doio
400 2214 543 2284 mulieris
564 2233 629 2282 non
651 2235 722 2283 esse
742 2216 989 2300 permittendum
1005 2217 1162 2302 excipere,

148 2359 189 2408 ne
210 2339 354 2408 indotata
374 2337 461 2408 dot.“

214 2464 481 2554 Pugnsreuuutem
495 2483 570 2532 cum
582 2462 642 2532 hec
652 2461 767 2546 'reguis
780 2462 906 2530 videtur
920 2462 942 2531 l.
959 2463 1002 2530 32
1017 2462 1086 2549 (24,
1101 2464 1162 2548 3.):
1256 2503 1260 2510 ·

218 2589 274 2676 „si
295 2590 384 2676 prior
405 2589 539 2656 meritus
553 2588 729 2677 posteriori
751 2587 834 2656 dotis
862 2586 990 2654 nomine
1012 2592 1163 2674 tanquam

147 2713 272 2782 debitor
293 2713 434 2784 mutiens
457 2713 562 2782 dotem
584 2711 785 2800 promiserit,
807 2736 870 2780 ooo
890 2715 977 2801 plus,
1001 2735 1096 2802 mam
1118 2717 1161 2797 id,

149 2841 235 2927 quod
247 2840 359 2924 secere
376 2841 490 2928 possit,
515 2840 595 2904 dotis
610 2837 757 2924 sutorum
781 2833 874 2902 eece.“
1228 2831 1230 2834 ’

214 2961 326 3032 Nonne
349 2963 377 3030 ei
398 2962 489 3032 nobie
512 2964 692 3028 constemus
714 2960 828 3028 merito
844 2959 1061 3046 exceptionem
1076 2937 1166 3028 oom-¹

147 3085 308 3172 potentiae
329 3102 475 3154 recusare
497 3083 665 3167 debemus,
687 3084 876 3168 praesertim
890 3103 962 3152 cum
978 3085 1161 3155 beneficium

148 3209 192 3276 sit
214 3227 255 3274 ex
275 3207 434 3296 personali
461 3205 716 3290 interuenisset
741 3208 863 3277 ratione
884 3209 1078 3295 profectum,
1104 3229 1163 3278 neo

148 3333 183 3400 iu
209 3353 293 3400 nore
318 3331 508 3415 obligatione
541 3332 625 3402 inter
653 3331 880 3414 detegeturium
910 3339 942 3400 et
972 3329 1163 3420 delegatum

66 3549 70 3554 .
147 3475 299 3544 personas
322 3477 455 3543 querum
477 3455 578 3525 alters
599 3456 691 3524 elteri
705 3476 836 3542 prorsus
851 3456 954 3524 ebena
971 3463 1035 3542 cst,
1057 3457 1161 3524 locum

148 3581 264 3650 bebere
293 3583 425 3650 debenti
470 3581 658 3650 Concessum
688 3582 904 3668 exceptionem
935 3581 1161 3669 competentiae

149 3725 218 3774 esse
241 3727 277 3773 eo
300 3706 535 3774 memorabilius
559 3710 622 3790 est,
653 3704 735 3790 quod
759 3725 797 3772 ea
818 3711 885 3772 tom
906 3705 1082 3792 personalis
1105 3704 1161 3770 be·

149 3829 257 3915 betur,
290 3836 327 3898 ut
354 3851 374 3896 a
401 3828 510 3898 multis
538 3830 744 3917 scriptoribus
776 3831 872 3896 etiem
899 3829 1033 3898 debitori
1062 3847 1161 3914 cesso,

150 3953 300 4022 adversm
315 3956 540 4024 cessionarium
555 3973 623 4021 non·
633 3952 821 4022 concedetur
837 3952 913 4034 (vid.
928 3951 1029 4036 Vsng.
1044 3950 1159 4022 Lehrb.

948 4065 965 4120 '1
972 4062 991 4101 it
