2834 4780
448 408 454 418 ·
583 403 741 502 „ss-

153 584 327 662 sotionem
363 581 498 648 hebetur
524 581 623 668 enim,
652 581 736 668 qood
764 582 832 671 peti
859 580 996 671 potest.“
1034 581 1072 650 L.
1093 584 1166 651 143.

153 709 196 776 de
210 706 248 774 11.
266 706 299 775 S.

189 907 193 912 ,
221 831 289 899 Usu
316 830 408 898 eiiter
431 849 498 898 rem
521 849 554 898 se
577 831 707 917 habere,
735 831 869 900 Romani
891 833 954 920 ipsi
977 851 1071 919 saepe
1093 851 1167 900 oon-

153 958 304 1046 oedunt:¹
412 1007 416 1010 -
665 1035 670 1054 Ι,

225 1082 281 1168 „L.
298 1083 351 1150 63.
373 1079 402 1164 b.
422 1081 451 1146 1.
474 1080 514 1146 ed
536 1080 597 1164 leg.
618 1079 704 1148 Folo.
744 1080 840 1165 Cujus
868 1082 991 1149 debitor
1019 1083 1167 1152 solvendo

153 1192 219 1275 nort
238 1212 297 1292 est,
320 1209 443 1272 motum
457 1205 552 1272 hebet
565 1206 706 1274 inbonis
722 1209 874 1294 quantum
890 1207 1016 1290 exigere
1030 1205 1167 1294 potest.“

223 1299 401 1416 ,11766
420 1332 449 1396 1.
471 1331 540 1397 eod.
561 1335 688 1396 ....ut
715 1332 825 1416 quenti
848 1351 885 1398 eo
908 1351 980 1418 spes
1003 1331 1168 1414 obligatio-

152 1459 204 1524 nis
231 1457 341 1523 venire
367 1456 485 1543 possit,
518 1459 643 1522 tontum
671 1455 868 1543 stipulatoris
901 1456 992 1524 bonis
1021 1455 1168 1526 oooodere

152 1577 329 1650 1111111111.16
391 1605 396 1610 ·
460 1631 464 1633 -

186 1755 188 1760 s
221 1705 308 1784 Quos
331 1723 522 1790 quemquam
545 1709 763 1789 odorsonius,
786 1709 954 1772 ismeone
972 1704 1168 1791 obliviscare,

154 1831 343 1898 creditorem
367 1829 612 1898 sotisiootionem
635 1848 694 1916 pro
718 1829 872 1896 solutione
888 1828 1025 1896 oblatam
1037 1829 1169 1914 rejioere

153 1973 262 2042 posse:

224 2077 280 2163 „L.
297 2080 328 2145 6.
349 2077 380 2160 6.
399 2080 428 2144 1.
452 2078 537 2162 quib.
554 2077 857 2164 modpign.20‚o‚
957 2079 1012 2164 qui
1033 2081 1168 2147 noned-

155 2203 253 2270 mittit
272 2203 530 2288 ssdsiaotionom,
553 2203 608 2270 sed
632 2203 820 2270 solutionem
842 2205 1016 2290 desiderat,
1039 2205 1168 2291 111111111-

156 2327 213 2396 dus
235 2347 299 2394 non
322 2325 401 2396 est.“

222 2452 367 2518 Creditor
388 2471 481 2536 vero,
511 2453 539 2518 si
562 2453 808 2519 satisiaetionem
830 2452 898 2520 vioe
921 2453 1086 2519 solutionis
1112 2453 1168 2518 ad-

156 2578 260 2662 misit,
296 2579 477 2643 eontentum
509 2595 542 2642 so
571 2577 639 2643 fore
667 2575 859 2661 signifioasee
886 2575 1029 2663 videtur,
1061 2578 1169 2664 itaque

156 2703 379 2788 aequissimum
400 2701 494 2770 iliud:
613 2723 618 2726 ·
874 2689 877 2694 ’
909 2783 917 2794 .

224 2825 280 2911 „L.
297 2827 350 2893 26.
367 2824 396 2909 b.
413 2827 444 2892 2.
467 2827 564 2892 mend
581 2827 633 2910 17,
652 2828 686 2908 15
788 2827 905 2894 bonum
927 2838 1043 2894 nomen
1065 2827 1167 2894 tooere

155 2951 220 3037 qoi·
231 2951 371 3018 1111111161
392 2949 567 3018 debitorem
588 2948 798 3033 111111111111111.1

224 3073 280 3158 „L
294 3077 347 3140 68.
370 3073 399 3156 6.
415 3077 444 3140 1.
461 3075 500 3140 de
515 3075 605 3148 oviot.
623 3079 655 3140 et
669 3073 756 3160 dopi.
773 3074 846 3160 stips.
862 3076 917 3161 21,
929 3077 960 3142 2.
986 3125 1037 3141 ...
1053 3095 1168 3142 nomen

158 3199 309 3266 debitoris
327 3219 385 3284 per
408 3197 636 3282 delegationem
660 3201 785 3266 seoutus
807 3197 886 3266 ost.“

224 3322 259 3389 Si
281 3323 378 3405 igitur
401 3322 788 3414 delegatum-admittens,
816 3323 1025 3408 delegatorios
1047 3324 1167 3390 insom-

152 3448 283 3515 -modum
306 3448 438 3534 petitor,
462 3449 522 3516 sibi
543 3450 613 3535 ipse
635 3449 826 3516 inoommodi
848 3467 943 3516 eausa
966 3454 1027 3514 est:

224 3571 281 3657 „L.
298 3574 352 3640 68.
368 3571 397 3654 ξ.
417 3574 446 3638 1.
463 3573 530 3639 eod.
557 3621 592 3638 ..
613 3623 620 3638 .
644 3592 701 3658 pro
723 3573 858 3660 peounia
880 3594 995 3641 nomen
1017 3571 1167 3639 debitoris

157 3717 212 3785 por
234 3697 467 3780 delegationem·
485 3698 574 3782 sequi
596 3694 738 3764 meluit‘

222 3822 303 3888 Tum
324 3821 403 3888 iliud
425 3821 523 3890 solet:
556 3823 560 3828 ’

224 3945 280 4033 „ie
296 3948 329 4016 6.
353 3943 382 4033 ᾖ.
401 3949 430 4013 1.
454 3947 539 4034 quib.
561 3946 645 4014 mod.
665 3947 753 4036 pigo.
769 3949 830 4034 26,
846 3949 877 4014 6.
902 3995 954 4015 ...
978 3943 1167 4023 satisfeoiste
