2852 4780
612 416 654 484 83

555 503 714 512 -ι----

116 611 157 660 ee
185 592 231 660 sei
254 591 336 658 denn
359 589 427 658 dass
450 591 501 658 die
522 591 861 678 Bedingunguegfiel,
886 593 952 660 und
973 615 1035 662 nur
1056 596 1142 666 ineo-

118 717 203 784 weit
224 717 309 786 steht
327 715 410 786 neeh
434 715 484 782 die
507 716 655 799 bodingis
670 716 854 800 Funderung
877 719 934 786 aui
947 717 1064 788 Gefahr
1087 705 1161 790 des

118 839 317 924 Delegans.“

195 967 267 1036 Non
288 986 369 1049 nego
390 965 425 1032 in
448 985 522 1032 eesu
543 964 749 1047 delegationis
765 967 906 1036 solvendi
922 987 1016 1036 oense
1030 970 1143 1056 factm,

120 1111 223 1178 quem
237 1091 339 1157 Hesse
354 1090 520 1177 proprium
531 1089 738 1172 delegationis
751 1111 858 1158 eesum
877 1094 1027 1179 appellat,
1041 1095 1143 1162 fontes

119 1237 195 1284 nen
226 1216 418 1298 distinguere
450 1215 533 1280 inter
561 1213 789 1296 delegationem
819 1217 876 1286 sub
905 1219 1083 1286 conditione
1112 1226 1145 1286 et

120 1361 207 1428 pure
228 1341 355 1406 faemm.
389 1339 455 1406 Nee
477 1343 583 1409 umen
601 1339 666 1406 seio
682 1359 722 1405 en
736 1339 815 1408 illud
830 1341 869 1408 de
884 1341 943 1408 hee
957 1364 992 1409 re
1007 1344 1143 1411 fontium

120 1465 288 1532 silentium
317 1483 412 1534 eausa
439 1461 531 1533 nobis
560 1462 709 1534 efferatur
732 1465 909 1550 statuendi,
937 1468 1080 1551 regulam
1103 1469 1144 1536 ad

122 1609 227 1658 unum
244 1589 328 1658 detis
340 1607 451 1659 oasum
464 1588 632 1673 pertinere.
666 1587 804 1672 Etenim,
828 1609 1017 1675 quamquem
1034 1613 1143 1680 saepe-

122 1733 259 1782 numero
287 1714 391 1782 ieutes
413 1710 555 1794 regulam
577 1710 716 1796 aliquem
739 1711 778 1778 de
800 1717 886 1780 eerte
909 1716 1045 1796 quedam
1068 1735 1144 1782 easu

84 1849 89 1860 “
124 1839 255 1922 meunt,
282 1838 393 1906 volunt
420 1855 491 1906 eam
520 1835 615 1902 etiem
642 1835 685 1902 ed
711 1855 819 1902 omnes
842 1835 980 1921 reliquos
1004 1838 1144 1921 ejusdem

124 1963 255 2047 generis
280 1979 372 2028 easus
398 1960 574 2045 pertinere,
604 1958 632 2024 si
659 1959 751 2026 mede
778 1960 888 2043 regule
911 1981 951 2028 ex
973 1963 1021 2030 rei
1043 1963 1143 2050 ipsius

124 2092 244 2154 nature
259 2083 490 2172 profioiseetur.

198 2209 394 2295 Quamquam
423 2213 528 2276 eutem
553 2207 784 2292 delegationem
806 2210 889 2279 detis
912 2231 1008 2280 eausa
1028 2213 1143 2280 fantem

127 2356 194 2404 non
216 2336 321 2402 minus
343 2355 451 2402 veram
474 2333 703 2416 delegationem
726 2333 925 2419 eseejudieu,
948 2355 1043 2420 quem
1059 2337 1143 2404 dele-

126 2461 289 2545 gationem
310 2459 452 2530 solvendi
475 2477 571 2526 eeusu
592 2459 719 2543 tentem,
742 2463 849 2526 temen
871 2460 948 2544 quin
966 2460 1075 2544 regule
1089 2461 1145 2528 ills

130 2605 204 2654 vere
226 2585 327 2672 ipsius
350 2585 397 2652 rei
418 2589 533 2652 natura
555 2581 719 2666 effitiatur,
742 2583 889 2668 equidem
904 2584 1023 2652 dubito.
1061 2584 1143 2654 Con·

128 2711 209 2778 ditio
239 2711 323 2779 enim
350 2709 536 2793 obligationi
564 2707 686 2792 adjeeta
712 2707 792 2776 nihil
822 2707 934 2794 effluit,
962 2711 1026 2776 nisi
1053 2711 1144 2797 illud,

129 2839 168 2902 ut
180 2834 266 2918 iuris
288 2835 340 2902 vel
360 2834 572 2904 constituendi
587 2833 637 2900 vel
658 2832 788 2901 finiendi
805 2851 933 2900 oensem
948 2833 982 2900 in
998 2840 1145 2900 eventum

128 2960 273 3026 futurum
300 2979 433 3044 eumque
462 2960 619 3026 ineertum
641 2955 783 3039 differat,
813 2956 913 3024 etita
935 2955 1080 3041 quidem,
1108 2962 1145 3024 ut

129 3082 295 3150 definiente
311 3083 488 3151 eonditione
511 3101 570 3168 pro
591 3079 689 3166 nihile
712 3079 866 3146 habeatur
886 3080 1047 3164 negotium
1070 3101 1143 3150 eon-

128 3206 297 3291 ditiunele,
326 3207 480 3277 existente
502 3225 577 3274 vero
604 3204 783 3273 eonditieue
810 3203 942 3290 perinde
970 3205 1028 3292 sit,
1057 3187 1144 3274 aesi

130 3332 197 3417 jem
224 3332 263 3400 eb
292 3330 382 3399 initio
409 3352 488 3418 pure
516 3330 709 3400 eonatitisset
736 3330 907 3412 negotium.
951 3329 1008 3398 Ille
1035 3332 1144 3417 igitur,

132 3457 187 3542 qui
215 3475 330 3524 nomen
359 3456 417 3522 sub
445 3457 621 3523 eonditiune
651 3455 781 3540 ancipit,
816 3454 967 3520 ostendit:
1000 3446 1081 3522 ‘velle
1110 3475 1144 3522 se

132 3581 271 3668 experiri
304 3585 451 3646 eventum
484 3579 689 3664 eonditionis,
724 3583 831 3644 utrum
865 3579 991 3645 omnino
1026 3579 1144 3664 aliquid

133 3706 281 3792 accipiat,
310 3725 423 3785 neene3
452 3705 478 3770 si
501 3724 576 3771 vere
605 3705 722 3770 existet
749 3703 903 3788 conditio,
933 3723 1003 3770 eam
1025 3709 1143 3770 retror-

134 3849 204 3894 sum
227 3831 267 3896 ed
289 3835 414 3916 tempus
437 3829 656 3915 promissionis
673 3829 784 3894 referri
801 3827 941 3914 sevelis,
964 3832 1000 3893 ut
1013 3828 1144 3913 perinde

132 3953 187 4046 sit,
209 3954 300 4039 quasi
321 3954 384 4041 ipsi
408 3955 447 4022 ab
470 3953 559 4021 initia
584 3973 662 4040 pure
684 3971 798 4018 nomen
821 3951 999 4034 delegatum
1015 3951 1065 4018 sit.
1093 3949 1145 4018 En

932 4070 973 4127 611
