2852 4780
567 411 727 510 An..
822 495 827 506 .

131 590 211 674 det,
238 607 280 656 an
308 589 392 656 dotis
420 605 515 654 causa
541 587 626 654 inter
653 587 851 672 delegantem
873 591 906 654 et
927 587 1153 670 delegaturiurn

130 713 243 783 locum
264 713 380 782 habeat
400 712 422 779 i.
439 732 466 778 e.
490 732 531 778 an
553 712 732 796 conjugium
754 712 838 778 inter
860 730 914 781 eos
937 712 1129 780 concilietur.

205 837 242 904 L.
268 839 298 904 7.
327 857 377 923 pr.
401 836 469 922 (12,
491 836 548 920 4.).
596 835 677 921 „Qui
700 855 733 902 se
756 835 870 904 debere
891 836 1058 922 pecuniam
1082 855 1152 904 mu·

132 961 209 1030 lieri
230 961 379 1049 putebat,
397 960 490 1046 jussu
512 959 580 1045 ejus
602 959 686 1027 dotis
707 960 834 1030 nominc
855 961 1003 1046 promisit
1025 979 1152 1048 sponso,

135 1091 173 1155 et
194 1085 305 1170 solvit,
327 1085 458 1172 nuptiae
480 1085 592 1152 deinde
614 1105 678 1154 non
692 1085 952 1165 nureesserunu
974 1085 1152 1170 quaesitum

136 1215 204 1296 est,
236 1215 344 1278 utrum
377 1209 446 1296 ipse
473 1214 580 1297 potest
607 1214 751 1297 repetere
780 1228 851 1277 eam
880 1211 1064 1297 pecuniam,
1098 1212 1152 1297 qui

135 1335 294 1420 dedisset,
322 1353 364 1402 cn
385 1333 521 1402 mulier?
564 1333 685 1420 Nerva,
714 1333 884 1402 Atilicinus
910 1327 1153 1421 responderunt,

137 1459 287 1546 queniam
313 1463 456 1545 putasset
479 1457 605 1545 quidem
628 1459 743 1526 debere
760 1459 945 1546 pecuniam,
968 1459 1023 1526 sed
1039 1479 1152 1547 excep-

135 1583 223 1651 tione
249 1583 314 1650 doli
341 1581 418 1650 muli
443 1583 526 1648 tueri
556 1602 590 1648 se
612 1583 782 1668 potuisset,
810 1587 912 1670 ipsam
934 1587 1152 1671 respectionem

51 1713 56 1719 '
138 1708 195 1776 eod
218 1709 262 1792 si,
286 1727 383 1793 quum
406 1705 501 1772 sciret
524 1725 558 1772 se
579 1703 659 1772 nihil
681 1705 807 1770 mulieri
830 1705 961 1789 debere,
988 1707 1152 1791 promisis-

139 1837 204 1918 set,
225 1831 376 1898 *mulieris
400 1849 469 1897 esse
492 1829 663 1914 actionem,
692 1828 839 1914 quoniam
861 1829 995 1915 pecunie
1017 1827 1057 1896 ad
1083 1849 1152 1898 earn

137 1957 326 2044 pertineret3
349 1955 377 2020 ei
393 1958 498 2020 autem
513 1972 587 2020 vere
603 1952 725 2020 debitor
738 1953 867 2038 fnisset,
890 1958 925 2020 et
937 1958 1009 2020 ante
1023 1954 1152 2040 nuptias

70 2127 73 2132 -
139 2078 301 2162 solvisset,
331 2082 363 2144 et
388 2077 520 2164 nuptiae
546 2083 672 2146 secutae
693 2098 757 2145 non
779 2077 930 2163 luissent,
959 2077 1030 2164 ipse
1051 2079 1165 2166 possit

138 2202 319 2288 condicere,
352 2225 446 2270 curuo
474 2205 569 2270 dediti
596 2206 715 2292 integra
744 2203 868 2270 muliere·
895 2202 936 2268 ad
962 2203 1023 2269 hec
1049 2202 1151 2270 solum

137 2339 297 2412 mouente,
319 2332 356 2394 ut
378 2325 418 2394 ud
441 2326 521 2392 nihil
543 2325 629 2394 alind
651 2325 775 2394 debitor
794 2323 1017 2412 (impellatur,
1039 2325 1101 2392 nisi
1115 2331 1152 2392 ut

138 2451 230 2520 cedet
252 2452 282 2520 ei
303 2451 486 2520 condictitia
507 2448 661 2517 actione.“
745 2505 748 2510 .

227 2575 317 2655 Quod
344 2575 471 2662 quidem
499 2575 643 2662 exceptio
671 2574 733 2642 diei
759 2573 887 2660 nequit,
916 2575 991 2660 qrria
1017 2573 1151 2642 duarnnr

139 2701 297 2768 rationum
320 2721 490 2787 earumque
508 2699 591 2785 juris
613 2719 766 2768 concursu
790 2735 831 2746 -—
855 2698 1061 2783 delegationis
1083 2719 1151 2766 ma·

11 2819 13 2838 ¹
138 2825 341 2912 trimoniique
364 2823 406 2873 -ss
430 2824 573 2894 efficitur.

205 2951 236 3018 2.
270 2950 393 3018 Deinde
421 2948 625 3016 confirmetur
652 2949 855 3033 praeceptum
885 2943 965 3010 illud
999 2963 1035 3012 eo
1065 2963 1152 3030 casu,

138 3076 172 3144 iu
195 3093 257 3158 quo
279 3073 441 3155 delegatus
464 3070 622 3153 deleganti
645 3071 778 3154 donare,
801 3067 950 3152 delegans
970 3071 1075 3136 autem
1095 3067 1150 3136 de·

138 3197 290 3282 legatario
313 3195 441 3264 credere
464 3194 542 3262 vult.

204 3321 248 3392 L..
265 3321 297 3388 5.
326 3319 355 3404 d.
380 3321 411 3388 5.
442 3321 510 3405 (44,
533 3319 588 3402 4.).
637 3317 693 3404 „Si
723 3337 812 3401 eum,
845 3317 899 3403 qui
926 3315 1050 3385 volebat
1072 3317 1150 3382 mihi

139 3447 255 3517 donare
283 3465 382 3532 supra
407 3445 585 3529 legitimum
612 3443 758 3528 modum,
789 3441 973 3524 delegavero
1003 3439 1151 3506 credituri

138 3591 220 3656 mco,
241 3595 305 3638 ooo
323 3573 440 3659 poteret
459 3573 607 3638 adcurare
623 3580 780 3657 petentem
800 3568 847 3633 uli
863 3568 1048 3653 acceptioue,
1073 3583 1150 3649 quo·

138 3696 224 3766 niam
247 3695 385 3764 creditor
406 3713 498 3761 suum
519 3693 609 3779 pent.
641 3691 678 3758 Iu
701 3691 808 3757 eudem
831 3714 926 3758 curuo
947 3687 1150 3774 eadmundus,-

139 3839 198 3887 nec
218 3819 269 3886 hic
292 3820 375 3888 enim
398 3818 491 3886 debet
513 3816 696 3902 exceptione
717 3814 923 3897 summoveri,
947 3813 1000 3898 qui
1021 3832 1077 3878 suo
1092 3832 1149 3878 ne-

139 3943 225 4010 mine
256 3943 324 4028 egit
325 3991 444 4010 ......
488 3941 598 4027 ltaque
632 3939 826 4007 condictione
859 3940 984 4002 uretur
1017 3934 1150 4024 debitor,
