2852 4780
748 403 790 468 92

687 489 846 502 m

260 607 312 652 ros
341 593 495 672 petentem
527 583 574 650 uti
605 582 796 672 osopum,
831 578 979 668 qnoniam
1011 579 1149 649 moditor
1180 601 1274 650 suum

260 705 372 797 potit.“
1071 763 1076 772 .

328 833 360 915 t)
383 830 472 910 Quod
499 831 542 898 od
566 829 646 915 logis
669 829 795 898 Oinoioo
813 829 867 914 jur
889 829 991 915 volet,
1019 829 1103 916 quod
1124 819 1159 900 'ot
1181 851 1274 900 oroo-

260 957 403 1047 ptionom
424 956 510 1044 parit
531 959 564 1024 ot
583 956 824 1042 oondiotionom‚
846 955 906 1024 hoo
927 959 1015 1022 tanto
1037 955 1139 1040 magis
1156 955 1276 1026 valebit

261 1083 302 1152 ud
323 1081 403 1150 illud
420 1080 486 1166 jus,
509 1080 592 1166 quod
615 1081 830 1167 oxooptionom
853 1084 978 1148 tuntum
1000 1080 1145 1148 donatori
1161 1080 1274 1152 odror-

262 1228 316 1276 sus
344 1206 544 1274 donatoriam
572 1205 713 1292 praebet.
750 1203 793 1272 Et
816 1205 1083 1272 oxtuntfontium
1103 1209 1277 1292 prasospto

262 1332 301 1400 ds
328 1331 388 1398 hoo
411 1329 592 1416 quaestions
614 1329 703 1397 doto:
732 1349 808 1396 num
831 1329 992 1412 dologotus
1015 1327 1165 1409 bonolioio
1187 1349 1274 1398 oom-

259 1455 419 1544 pstontios
441 1453 592 1522 advorsus
615 1452 841 1536 delegaturium
864 1453 1045 1537 adjuvetur:

327 1578 365 1648 L.
382 1579 435 1645 33.
452 1576 481 1661 t.
498 1579 529 1646 3.
546 1578 613 1662 (39,
636 1577 681 1659 ὅ).
722 1576 791 1662 „Si
813 1596 909 1663 quum
926 1576 1053 1647 Primus
1075 1578 1135 1648 tibi
1155 1578 1274 1646 donoro

166 1785 171 1794 ι
260 1703 366 1789 vellet,
381 1709 414 1770 ot
427 1707 463 1770 tn
478 1702 615 1771 donandi
631 1700 773 1770 Ssoundo
784 1701 978 1772 voluntatem
989 1702 1132 1788 haberes,
1146 1701 1275 1771 Primus

261 1829 404 1901 Sooundo
420 1847 459 1898 ox
473 1827 635 1902 voluntate
649 1831 705 1894 tua
719 1826 885 1914 stipulanti
899 1827 1091 1914 promiserit,
1111 1827 1276 1914 perlinitur
1418 1881 1419 1884 ,

125 1940 130 1946 ’
261 1953 402 2032 donati03
425 1956 458 2018 ot
480 1952 555 2039 quia
576 1950 656 2018 nihil
677 1949 802 2020 Primus
826 1950 980 2038 Sooundo,
1003 1973 1023 2018 a
1043 1972 1106 2038 quo
1126 1954 1276 2021 oonvsni·

261 2081 315 2144 tur
341 2075 487 2160 donavit,
520 2079 552 2142 st
578 2074 705 2161 quidom
730 2075 765 2142 111
788 2075 941 2161 solidum,
969 2097 1034 2146 non
1055 2077 1089 2143 in
1112 2077 1161 2163 id,
1190 2078 1276 2163 quod

259 2201 363 2269 foosrs
385 2202 500 2286 potest,
523 2189 758 2266 oondom'notur.
791 2199 890 2288 quue
911 2204 1090 2285 mondino,
1115 2206 1147 2269 et
1169 2202 1196 2268 si
1217 2202 1275 2270 do-

259 2324 383 2409 legante
412 2345 465 2408 oo,
494 2323 548 2411 qui
577 2323 776 2393 donationem
804 2329 873 2392 orst
895 2329 1097 2413 romptorum
1124 2326 1275 2394 oroditori

261 2449 327 2533 ojus
361 2449 494 2518 donotor
527 2449 723 2536 promissi-iu
757 2454 790 2516 st
822 2447 881 2516 hoo
915 2450 1000 2518 onim
1031 2443 1109 2521 ruso
1136 2451 1275 2518 oroditor

260 2594 352 2642 suum
373 2573 536 2656 negotium
558 2570 670 2656 gorit“
1172 2613 1174 2618 ·

326 2695 364 2762 L.
379 2696 434 2762 41.
450 2717 499 2782 pr.
517 2695 596 2782 (42,
621 2696 685 2779 1.)=
722 2695 918 2780 „Nosonnins
947 2697 1157 2785 Apollinaris:
1178 2700 1213 2767 si
1239 2704 1273 2768 to

260 2822 450 2890 donaturum
470 2821 549 2890 miti
564 2821 748 2905 delegavero
764 2820 912 2890 oroditori
927 2842 1010 2908 mon,
1032 2844 1073 2892 on
1087 2825 1122 2893 in
1136 2824 1273 2894 solidum

193 2981 202 2992 .
259 2946 490 3016 oonvoniondns
513 2946 578 3016 sis?
602 2995 721 3014 ......
744 2947 930 3035 Respondit:
951 2996 1068 3016 ....
1084 2949 1168 3022 siout
1180 2949 1272 3018 horos

259 3071 419 3140 donatoris
448 3071 645 3138 insolidum
668 3072 916 3157 sondemnatur,
943 3076 975 3142 st
1001 3073 1071 3159 ipso
1095 3071 1272 3159 fidejussor,

259 3213 353 3278 quom,
379 3194 413 3258 in
442 3194 586 3260 donando
609 3195 767 3280 additum,
797 3197 842 3263 ito
865 3200 898 3263 ot
919 3197 949 3262 oi
971 3197 1023 3264 oui
1045 3215 1108 3264 non
1131 3197 1272 3283 donarit,

257 3318 291 3383 in
314 3315 450 3383 solidum
472 3315 729 3384 condemnatur.“

283 3483 287 3488 -
323 3440 360 3510 L.
377 3442 431 3510 33.
447 3439 515 3525 (46,
538 3441 598 3522 2·)=
628 3440 684 3525 „Si
707 3441 813 3508 Titius
829 3443 949 3512 donoro
970 3445 1050 3512 mihi
1070 3446 1190 3533 volons,
1213 3446 1269 3514 ds-

257 3565 379 3649 logotns
402 3585 421 3630 a
443 3585 511 3650 mo,
540 3565 688 3634 oreditori
715 3586 785 3634 meo
809 3567 974 3654 stipulanti
1002 3571 1179 3658 spopondit,
1194 3587 1270 3668 ¹non

250 3666 384 3791 ⁴hobobit
405 3689 555 3758 advorsus
579 3709 650 3756 sum
672 3691 760 3758 illam
782 3693 1016 3782 oxooptionom,
1039 3697 1091 3777 ut,
1113 3697 1270 3776 qnatenus

256 3813 369 3880 foosrs.
381 3818 498 3900 potest,
521 3815 760 3896 oondsmnotur3
790 3837 864 3884 nom
886 3817 1037 3884 advorsus
1058 3835 1110 3882 ms
1132 3817 1190 3884 toli
1212 3819 1268 3886 do-

256 3938 397 4005 lensions
419 3940 532 4006 morito
555 3940 711 4025 utebatur,
734 3943 808 4024 quia
830 3942 979 4009 donatum
1002 3941 1041 4010 ab
1059 3961 1095 4010 oo
1110 3943 1268 4029 petebam,

257 4061 393 4128 moditor
414 4067 520 4132 autom
542 4063 682 4134 debitum
704 4060 934 4150 persequitur.“
