2852 4780
583 393 740 490 L

222 569 269 635 cf.
291 569 313 635 l.
329 569 362 636 5.
378 567 407 652 t.
423 570 456 635 5.
473 567 541 652 (44,
556 569 608 654 4),
634 568 657 636 l.
674 571 705 636 9.
719 567 750 654 ξ.
769 572 798 640 1.
815 569 883 656 (12,
898 570 952 658 4),
977 571 1001 640 L
1019 573 1071 640 78.
1087 569 1117 658 t.
1132 572 1165 642 5.

144 692 223 779 (23,
240 695 285 778 3),
308 693 329 760 l.
345 695 378 760 4.
395 691 425 776 §-
441 694 495 760 21.
512 691 580 777 (44,
596 693 641 775 4).
680 690 682 694 ’

221 818 251 899 b)
274 816 486 905 stipulatione
506 815 591 882 inter
612 816 840 900 delegatariam
861 823 893 886 et
915 817 1093 903 delegatum
1115 839 1166 890 so·

141 942 231 1012 lutio
269 943 353 1009 inter
385 940 565 1023 delagmnm
598 945 631 1008 et
663 940 859 1024 delegantem
892 940 1044 1028 effioitnr,
1081 943 1165 1012 inter

143 1067 351 1150 delegantem
379 1070 411 1132 et
437 1065 665 1148 delegatarium
688 1086 763 1134 voro
792 1065 964 1151 creditum,
992 1085 1054 1152 qno
1083 1067 1165 1136 notio

143 1191 305 1278 pecuniae
327 1189 464 1256 creditae
486 1190 635 1260 noscitur.

219 1314 426 1402 Appellamus
449 1316 685 1382 antonomum
711 1313 802 1382 illnm
824 1314 1030 1384 eondiotionie
1045 1313 1164 1385 Juven-

144 1439 271 1508 tianae:

218 1561 256 1628 L.
271 1563 325 1630 32.
347 1561 388 1630 de
409 1561 447 1628 R.
463 1561 583 1646 duo,
602 1562 644 1643 1).
681 1561 737 1645 ,si
759 1566 792 1628 et
812 1581 875 1648 me,
899 1568 939 1632 et.
952 1562 1072 1632 Titium
1093 1583 1164 1630 mu-

144 1692 240 1754 tuam
262 1685 429 1774 peouniam
450 1686 623 1769 rogaveris,
645 1689 679 1750 et
701 1705 758 1768 ego
781 1705 888 1752 meam
910 1686 1084 1757 debitorem
1105 1688 1164 1756 tibi

144 1812 337 1900 promittere
360 1809 528 1897 jusserim,
557 1813 594 1874 tn
621 1807 790 1894 stipulatus
817 1809 879 1893 eis,
910 1828 1007 1893 quam
1035 1815 1164 1896 putores

148 1957 226 2004 eum
248 1934 325 2000 litii
347 1933 520 1999 debitorem
542 1951 623 2016 esse,
647 1951 687 1998 an
709 1931 788 1999 mihi
811 1931 980 2016 obligaris?
1008 1932 1163 2021 Snbsisto,

148 2061 181 2126 ei
215 2057 341 2143 quidem
375 2056 497 2122 millum
530 2056 691 2140 negatam
719 2075 855 2124 meeum«
872 2059 1074 2138 contexisti3
1108 2058 1164 2126 sed

147 2183 283 2270 propius
306 2186 371 2267 eat,
393 2185 430 2246 ut
452 2180 584 2264 obligari
606 2183 638 2248 te
660 2182 856 2267 existimem,
886 2203 950 2248 non
971 2183 1047 2269 qnia
1067 2201 1163 2268 peon·

148 2308 238 2374 niam
260 2305 320 2402 tibi
341 2305 472 2389 credidi,
496 2340 537 2350 -
560 2305 620 2372 hoo
642 2306 726 2380 enim
748 2305 812 2372 nisi
830 2307 916 2372 inter
934 2306 1163 2374 eonsentientes

147 2427 221 2498 lieri
242 2449 306 2496 non
327 2433 444 2516 potest,
468 2463 509 2476 -
533 2429 589 2496 sed
611 2429 685 2514 qnia
706 2429 840 2516 munia
861 2447 944 2514 mea,
966 2449 1047 2513 quoe
1068 2430 1110 2496 ad
1131 2433 1163 2498 te

148 2555 307 2643 pervenit,
330 2573 400 2624 eam
422 2553 501 2620 mibi
523 2571 543 2620 a
564 2558 597 2620 te
619 2553 709 2620 reddi
729 2554 848 2620 bonnm
870 2557 902 2620 et
924 2573 1059 2638 aequum
1082 2550 1161 2622 est.“

218 2678 287 2757 Quo
308 2677 377 2746 loeo
400 2677 555 2746 traditum
570 2677 671 2746 solam
686 2697 754 2744 eam
771 2679 811 2746 ob
826 2697 952 2746 oausam
968 2678 1163 2747 bontraotnm

149 2821 215 2870 non
243 2807 307 2887 est,
336 2803 419 2887 quod
447 2823 535 2870 error
563 2805 598 2869 in
625 2823 761 2890 persona
787 2802 951 2869 creditoris
973 2802 1163 2888 interoeeeit,

151 2927 206 3012 qui
228 2925 355 3012 quidem
378 2946 477 3011 error,
501 2947 598 3012 quum
612 2927 654 2992 ad
668 2926 848 2994 essentialia
861 2925 980 3007 negotii
994 2926 1162 3010 pertineat,

151 3049 258 3133 efficit,
281 3055 318 3114 ut
338 3048 451 3116 orediti
472 3049 621 3131 obligatio
634 3049 724 3116 nullo
737 3049 831 3116 modo
845 3047 914 3116 fieri
929 3053 1033 3136 queat.
1060 3047 1162 3128 Quae

145 3172 408 3258 juriseonsultun,
436 3171 552 3240 ideireo
579 3177 704 3240 tantum
730 3173 813 3258 quod
835 3174 969 3260 monnio
989 3173 1162 3258 delegantis

151 3295 321 3384 stipulator
348 3294 535 3382 loeupletior
560 3297 663 3364 faetus
692 3298 749 3381 sit,
776 3297 827 3364 hio
849 3297 1071 3381 obligationem
1093 3319 1163 3368 esee

129 3421 305 3505 ‘statuent
328 3420 566 3506 eondiotionem,
589 3441 719 3507 eamque
734 3425 819 3489 oerto
836 3422 925 3505 „sine
939 3419 1065 3506 oauea“,
1087 3441 1162 3490 oon·

90 3633 92 3638 ¹
152 3539 245 3612 cedit.
290 3544 487 3627 Argumenta
515 3550 621 3612 antem
649 3565 669 3612 a
696 3546 853 3612 contrario
881 3543 1028 3628 colligere
1049 3565 1161 3632 possm

152 3689 234 3755 mne,
258 3669 286 3735 ei
307 3689 401 3736 verus
423 3687 592 3739 eonsenene
613 3670 735 3756 finisset,
755 3669 995 3755 delegatorium,
1018 3671 1092 3756 qaia
1104 3687 1162 3756 pe-

153 3794 245 3860 ounia
275 3794 304 3860 ei
333 3793 451 3861 eredita
474 3798 573 3879 esset,
600 3795 758 3878 deleganti
787 3815 827 3862 ex
849 3795 967 3863 eredita
990 3794 1162 3878 obligatum

153 3917 293 3984 futurum
316 3917 423 3987 inisse.
458 3916 544 3997 Quae
567 3919 694 4004 quidem
714 3919 863 4004 obligatio
879 3939 941 3988 nno
957 3939 993 4009 eo
1009 3924 1162 4008 ternpore,
