2834 4780
703 447 857 547 λθ..-

336 625 481 693 Naturali
504 623 600 692 etiam
622 623 776 693 solutione
800 623 935 691 similem
957 623 1155 707 negotiorum
1172 624 1297 694 abbre-

270 752 442 818 viationem
469 748 540 816 fieri
566 769 660 836 posse
685 751 719 816 in
741 748 762 815 l.
779 751 833 816 64.
850 749 888 815 de
912 748 1004 817 redut.
1021 748 1088 833 (46,
1104 750 1138 831 3)
1160 749 1296 816 inveni-

270 895 356 944 mus:
388 894 510 961 „quum
533 875 624 959 jussu
653 893 724 940 meo
751 874 801 959 id,
829 872 912 958 quod
940 873 1019 940 mibi
1046 873 1157 957 debes,
1187 873 1294 942 solvis

271 1001 419 1068 creditori
452 1019 541 1086 meo,
575 1005 608 1068 et
640 1003 676 1066 tu
709 1017 806 1066 ame
834 1002 867 1065 et
894 1016 952 1080 ego
982 1017 1007 1064 a,
1029 997 1183 1068 creditore
1210 1019 1291 1066 meo

270 1123 418 1194 liberor.'“

589 1352 627 1420 B.
662 1351 964 1439 Consequentia.

738 1527 768 1612 i·
784 1531 823 1597 2:

268 1673 294 1740 Ι.
327 1673 432 1760 Unjus
454 1674 508 1764 eit
518 1671 709 1760 peccalum
731 1673 875 1739 nominis
898 1671 1057 1758 deleqatr'‚
1081 1671 1283 1740 ostenditur.

765 1831 790 1898 1.

336 1990 374 2056 In
403 1990 598 2074 delegatione
619 1991 750 2076 perinde
772 2011 842 2057 esse
865 1988 1167 2075 demonstravimus,
1195 2009 1233 2057 ac
1254 1991 1284 2056 si

270 2113 418 2198 delegans
447 2118 591 2181 exactem
620 2115 804 2197 adelegato
827 2133 983 2182 summam
1006 2114 1196 2198 delegatorio
1219 2114 1283 2180 sol-

269 2239 379 2323 visset,
400 2238 453 2304 hic
474 2243 581 2304 autem
597 2258 667 2320 eam
687 2238 829 2323 delegato
845 2237 1040 2309 credidisset.
1079 2239 1161 2316 Quid
1176 2243 1283 2306 autern

269 2363 421 2449 pecuniae
444 2363 564 2430 solutes
586 2362 724 2449 accidat,
749 2383 814 2430 non
836 2382 930 2431 curae
952 2383 1021 2430 esse
1043 2383 1135 2450 posse
1159 2364 1205 2448 ei,
1228 2363 1283 2447 qui

186 2538 189 2542 .
270 2486 374 2572 solvit,
398 2487 468 2572 quis
487 2493 546 2572 est,
562 2467 624 2573 ¹qui
638 2487 779 2556 nesciat?
813 2487 949 2554 Etiamsi
965 2487 1101 2554 creditor
1114 2487 1282 2574 pecuniam

270 2611 435 2678 confestim
462 2611 605 2696 amittat,
639 2617 745 2679 tamen
772 2614 818 2697 is,
847 2612 902 2698 qui
930 2611 1031 2678 adhuc
1060 2611 1183 2678 debitor
1210 2611 1281 2694 fuit,
1350 2689 1353 2696 Δ

268 2734 349 2802 liber
376 2739 425 2801 est
451 2739 546 2819 atque
575 2734 704 2802 solutus
742 2735 829 2802 idem
856 2736 956 2818 igitur
981 2737 1078 2804 etiam
1099 2736 1134 2801 in
1156 2734 1281 2818 delega-

268 2861 354 2927 tione
381 2858 487 2926 ualere
512 2880 572 2947 per
600 2881 633 2926 se
660 2865 763 2946 patet,
792 2881 890 2945 quum
918 2865 1048 2946 putetur
1075 2859 1280 2926 oreditoribus

218 3054 221 3065 Ι
269 3005 399 3071 prorsus
419 2985 617 3054 wsatisfactum
640 3005 718 3053 esse.
756 2983 822 3052 Nec
843 3005 907 3052 non
928 2984 1064 3068 legimus
1086 2985 1120 3050 in
1142 2984 1280 3051 fontibus

269 3108 442 3192 delegantis
464 3109 640 3196 periculum
662 3129 732 3177 esse
754 3110 890 3176 nominis
914 3108 1068 3193 delegati:
1134 3165 1135 3170 ,

338 3229 395 3317 „L.
412 3235 465 3301 26.
482 3231 510 3315 ξ.
527 3235 558 3299 2.
574 3234 680 3300 mend.
697 3233 764 3320 (17,
785 3235 838 3318 1.).
872 3234 993 3301 Abesse
1014 3232 1203 3316 intelligitur
1225 3253 1280 3320 pe·
1403 3225 1404 3260 ³

270 3505 344 3560 cerni
360 3509 452 3575 potest
474 3507 551 3560 aetus
569 3508 612 3559 est
629 3505 742 3575 solutioq
765 3518 835 3574 qnae
852 3503 885 3561 fit
901 3507 1138 3584 perassignetum
1156 3505 1279 3575 assigna-

268 3604 346 3658 tario.
380 3601 484 3658 Solutio
502 3605 606 3671 autem,
630 3602 701 3656 inter
718 3603 889 3671 assignatum
907 3603 1147 3672 assignantemque
1166 3609 1194 3658 ct
1211 3603 1281 3656 inter

269 3700 456 3768 assignantem
474 3699 738 3768 assignatariumque
755 3699 868 3770 effecta,
890 3701 965 3777 cerni
981 3714 1037 3754 non
1053 3705 1147 3769 potest
1164 3705 1192 3755 et
1207 3700 1280 3755 solu-

268 3797 351 3851 tionis
369 3778 433 3852 actu
450 3797 520 3851 inter
531 3795 741 3866 assignatamum
759 3797 983 3866 assignatumque
1001 3797 1186 3852 intercedente
1202 3796 1281 3865 quasi

268 3895 361 3950 velata
382 3899 437 3965 est3
460 3907 549 3963 neque
571 3899 664 3948 tamen
685 3899 839 3964 congruunt
855 3893 941 3950 verba
957 3895 1130 3950 Florentinae
1148 3909 1199 3950 nec
1215 3893 1281 3952 Vul-

269 3995 351 4060 gatae
370 3991 509 4062 scriptoris
526 3991 691 4046 sententiae.
