2834 4780
354 608 473 690 Quibus
493 607 599 676 verbis
626 607 792 674 materiam
819 607 973 694 pristinae
995 605 1195 692 obligationis
1217 609 1317 676 inter
1400 573 1401 582 ἵ

287 733 466 818 delegatum
493 731 751 818 delegantemqne
775 731 808 798 in
831 749 946 798 novem
967 732 1051 800 inter
1071 731 1315 816 delegetrmnm

288 864 321 928 et
347 857 525 941 delegatum
549 857 597 924 ita
621 855 807 922 monslatam
828 854 972 924 videmus
994 856 1237 942 oblatorem,
1266 861 1315 923 nt
1402 869 1403 872 ’

287 983 443 1070 posterior
465 979 613 1064 obligatio
634 999 766 1067 prorsus
788 999 829 1048 ex
850 979 951 1066 priori
973 985 1048 1067 apta
1070 981 1113 1048 sit
1133 1000 1210 1065 neo,
1237 981 1309 1047 nisi
1402 979 1403 1018 l

287 1107 376 1194 prior
397 1103 546 1188 stipato
569 1122 692 1191 quoqne
712 1101 828 1188 valeat,
850 1101 956 1171 valere
977 1105 1089 1190 possit.

354 1228 423 1295 Hae
449 1228 548 1312 igitur
574 1228 677 1294 forma
703 1226 855 1312 effieitnr,
882 1231 920 1293 ut
946 1228 1049 1312 qnivis
1076 1247 1140 1294 non
1166 1227 1307 1315 debitor,

288 1353 355 1420 sive
375 1353 446 1438 ipso
464 1351 548 1436 jnro‚
575 1351 642 1418 sive
664 1371 723 1438 ope
746 1351 939 1438 exeeptionis
960 1369 1024 1418 non
1046 1350 1170 1419 debitor
1191 1357 1253 1438 est,
1278 1353 1309 1420 si
1403 1329 1404 1394 l

289 1475 427 1560 delsgnri
449 1494 484 1542 se
504 1494 618 1562 pessus
639 1480 700 1560 est,
720 1477 791 1562 ipso
808 1475 882 1559 Jnro
903 1479 991 1541 tubis
1006 1475 1049 1542 sit
1062 1495 1083 1542 o
1097 1475 1309 1561 delegatorio,

289 1602 405 1687 quippo
428 1619 525 1685 quum
542 1598 702 1683 judioiolis
724 1598 878 1666 formulae
891 1599 1070 1685 intentioni,
1093 1617 1173 1684 qnae
1188 1599 1231 1666 ad
1245 1600 1306 1666 sti·

288 1723 458 1811 pnlationis
480 1723 613 1790 formem
637 1724 799 1809 aptissime
822 1722 1051 1791 oooommodsri
1074 1721 1169 1809 solet,
1192 1743 1306 1791 omnes
1404 1794 1405 1814 p

289 1847 424 1932 delegati
448 1848 644 1916 detonsiones
665 1848 760 1915 troile
782 1847 891 1915 insint.
1404 1817 1405 1836 ἵ

355 1971 432 2037 Inde
454 1972 656 2056 oonseqnitnr
678 1971 719 2037 ad
740 1971 824 2037 buno
846 1989 954 2037 ossum
976 1969 1102 2054 regulas
1122 1990 1188 2037 non
1201 1971 1306 2056 perti·
1404 1945 1405 1948 Ἴ

289 2115 376 2180 nore,
399 2113 478 2180 qnos
500 2093 522 2160 l.
540 2096 594 2177 12,
615 2093 637 2159 l.
657 2095 707 2160 13.
725 2092 792 2178 (46,
804 2095 850 2178 2),
864 2094 886 2159 l.
899 2095 931 2161 2.
946 2093 982 2161 O.
999 2094 1045 2180 (4,
1056 2095 1090 2178 5)
1113 2094 1306 2162 eonstitutae

290 2223 374 2304 sunt,
396 2237 471 2285 nem
492 2218 553 2286 hae
575 2217 701 2303 quidem
716 2217 827 2284 volunt
847 2237 911 2286 non
932 2219 1107 2287 debitorem
1123 2217 1307 2303 delegatum

289 2343 438 2412 creditori
458 2343 650 2428 delegatoris
674 2341 795 2410 solvere
817 2342 946 2428 debere,
975 2347 1198 2429 retinentque,
1225 2344 1306 2429 qnin

289 2468 355 2536 blla
377 2488 448 2536 enm
471 2469 622 2538 adversus
644 2466 870 2552 delegatorium
892 2466 1073 2538 defensione
1094 2471 1253 2536 tueentm.

357 2593 476 2672 Quodsi
497 2595 546 2660 vis
563 2593 669 2660 vedere
690 2591 762 2658 illas
783 2592 869 2676 loges
890 2590 969 2660 heeo
991 2592 1053 2674 dno
1075 2592 1134 2660 tibi
1155 2592 1305 2681 ponende

289 2721 379 2784 sunt:

359 2845 388 2908 1.
421 2839 685 2925 Jnrisoonsnltos,
711 2839 836 2923 regidos
858 2839 930 2907 illas
952 2841 1199 2927 oonseribenles‚
1228 2861 1303 2909 enm

289 2986 397 3058 ossum
420 2972 593 3054 spectasse,
614 2966 650 3034 in
673 2985 733 3052 qno
756 2962 911 3048 delegatio
934 2965 1044 3051 altera,
1068 2985 1162 3052 qoem
1183 2964 1302 3032 Fittin·

289 3091 360 3173 gius
382 3090 483 3175 affert,
505 3092 608 3157 forma
629 3095 789 3159 eontraoto
811 3095 873 3158 est:
896 3089 980 3175 quod
995 3089 1114 3158 Titium
1131 3090 1210 3156 milri
1225 3089 1303 3158 dare

290 3218 425 3300 oportet,
446 3213 481 3279 id
502 3214 581 3278 mibi
598 3214 673 3280 dare
690 3213 845 3301 spondes?
868 3213 902 3280 id
917 3214 1000 3300 qnod
1014 3213 1185 3298 Fittingins
1200 3215 1301 3302 ponit.

187 3323 192 3330 Α
290 3335 407 3405 Contra
428 3336 495 3420 ejus
518 3340 623 3403 antem
646 3339 833 3404 sententiam
855 3337 932 3404 haee
955 3335 1060 3404 offerri
1081 3343 1228 3425 possnntr

357 3463 389 3544 o)
417 3459 835 3530 Jnrisoonsultos'Romanos
856 3460 982 3545 regulas
1005 3482 1078 3530 snos
1093 3462 1135 3530 ds
1152 3464 1301 3530 universa

289 3586 364 3654 dare
386 3585 580 3670 delegatione
602 3605 660 3654 neo
676 3585 774 3652 ullam
789 3585 995 3654 formularum
1009 3586 1218 3684 differentiam
1232 3606 1300 3654 me-

288 3731 428 3795 morare,
457 3729 536 3796 quae
564 3711 591 3778 si
616 3710 692 3796 fnit,
719 3717 853 3798 putasne
870 3709 1113 3795 jurisoonsnltos
1135 3711 1206 3780 illos
1229 3731 1300 3780 eom

289 3836 459 3902 omissuros
481 3833 598 3902 fnisse?

355 3961 387 4044 dl
421 3959 510 4040 Quod
532 3979 606 4028 vero
634 3957 780 4047 inprimis
806 3959 1010 4030 memorabile
1037 3966 1102 4048 est,
1128 3957 1300 4046 Fittingins
