2852 4780
574 402 726 502 ..ru-

139 579 300 666 getorium
321 578 500 667 stipulando
522 577 642 666 gerere,
663 579 812 667 quieuit,
838 581 892 668 qui
914 581 1010 669 dioet,
1035 583 1161 652 memor
1192 559 1196 570 ¹

142 703 347 792 stipulatione
374 701 558 787 delegatorii
585 703 758 787 delegeritis
780 703 863 772 boue
883 725 947 772 non
969 708 1079 791 augeri
1100 711 1157 776 out

107 887 111 891 .
144 830 276 914 servari,
299 829 355 895 eod
369 827 490 894 minuit
522 827 588 894 Neo
601 829 704 911 mugio
719 829 799 896 aliur
815 829 1155 914 oujuolibet'negotium

144 952 323 1040 stipulando
358 951 566 1036 delegatoriuo
606 953 789 1038 exequitur,
823 972 894 1022 oum
932 955 998 1021 suis
1031 960 1155 1023 tentum

142 1077 333 1148 utilitatibus
356 1077 474 1144 servire
496 1075 650 1144 viduetur.

211 1201 365 1281 Quoniam
387 1201 485 1284 igitur
507 1199 728 1286 delegatorios,
750 1219 847 1286 quum
871 1221 911 1270 ex
925 1201 1086 1270 voluntate
1100 1201 1156 1272 de-

141 1325 278 1411 legantis
313 1324 498 1412 stipulatur,
533 1343 625 1391 ouum
657 1328 782 1392 tentum
809 1325 969 1409 negotium
997 1327 1094 1413 gerit,
1128 1327 1156 1396 ei

141 1452 228 1518 inter
248 1450 444 1534 delegantem
468 1453 499 1516 et
521 1448 748 1534 delegatorium
764 1449 948 1518 mendarum
962 1451 1157 1520 interredero

141 1576 204 1660 vio,
230 1575 414 1644 mandatum
435 1571 517 1639 illud·
536 1571 657 1638 nullum
680 1573 767 1640 uliud
789 1593 857 1640 esee
878 1593 972 1660 posse
994 1577 1157 1663 oonoedee,
1198 1599 1203 1611 ·

142 1699 207 1766 nisi
229 1699 413 1766 mandatum
435 1700 491 1762 tua
511 1699 635 1761 tontum
650 1695 762 1778 gretie.
798 1695 928 1763 Gonewt
943 1703 1049 1764 eutem
1063 1699 1156 1782 liujus

143 1825 269 1908 generis
303 1820 487 1888 mandatum
520 1819 649 1905 proprie
681 1819 865 1886 mandatum
899 1840 962 1886 non
997 1841 1065 1888 esse
1098 1841 1161 1890 nee·

142 1947 286 2016 mandeti
308 1945 447 2012 eotionos
469 1963 508 2010 ex
532 1961 568 2012 eo
589 1940 756 2029 profieieoi.
791 1942 987 2030 Quemquam
1003 1965 1078 2013 vero
1102 1946 1163 2014 de·

142 2069 334 2155 legatorios,
362 2067 418 2154 qui
440 2067 577 2134 donandi
600 2085 694 2134 eausa
717 2066 903 2154 stipulatur,
931 2089 990 2137 neo
1011 2074 1078 2137 tom
1100 2091 1157 2140 ex-

5 2247 11 2266 .
144 2213 265 2284 preeee,
288 2192 346 2260 ‘neo
368 2197 433 2260 tem
457 2192 597 2278 eoepeirr
610 2189 749 2260 lontibus
765 2211 857 2259 suum
870 2195 1032 2277 nogotium
1047 2214 1157 2278 gerere

145 2320 271 2404 dieitur,
294 2335 387 2404 quam
409 2316 629 2402 delegatorios,
652 2316 707 2401 qui
722 2315 864 2382 solvendi
879 2337 973 2384 eausa
988 2318 1157 2403 stipulatus

146 2449 211 2530 ost,
240 2449 346 2512 temen
375 2441 510 2508 fontium
539 2441 671 2508 eandem
699 2459 736 2507 oo
762 2445 904 2508 neodem
931 2458 1002 2508 esee
1030 2447 1157 2510 renun-
1287 2433 1292 2440 ’

145 2569 224 2636 tiam
245 2568 285 2636 de
307 2566 497 2651 delegeturio
521 2566 685 2668 donaterio
707 2563 941 2634 inde'mexime
964 2572 1110 2655 epporetz
1147 2569 1151 2576 '

213 2693 247 2776 o)
274 2691 327 2760 Ex
347 2691 369 2758 l.
386 2692 440 2758 41.
456 2711 504 2778 pr.
527 2691 606 2776 (42,
633 2692 685 2774 ll:
721 2690 923 2776 „Noeenuiue
946 2689 1156 2780 Apollinaris:

146 2818 174 2884 oi
201 2822 233 2884 te
256 2818 445 2884 donaturum
467 2817 546 2884 milri
569 2815 753 2898 delegavero
776 2815 923 2882 credituri
945 2833 1032 2900 meo,
1061 2836 1102 2881 en
1123 2817 1157 2882 in

8 2941 17 2950 '
146 2941 281 3009 solidum
304 2941 535 3008 conveniendus
558 2937 622 3003 oio?
656 2937 699 3002 Et
721 2937 749 3002 oi
771 2935 955 3004 insolidum
969 2936 1158 3009 eonveuien.

146 3067 222 3150 dus,
250 3083 291 3129 en
313 3063 472 3128 diversum
494 3065 605 3147 putee,
629 3061 656 3126 si
673 3079 741 3131 ,uon
765 3059 913 3126 eruditori
934 3077 1017 3146 meo,
1039 3059 1095 3130 sod
1117 3063 1157 3148 ei,

146 3189 197 3256 oui
220 3187 296 3253 dore
318 3183 478 3270 volebam,
506 3189 539 3250 te
562 3181 767 3266 delegavero?
799 3182 843 3250 Et
865 3183 940 3270 quid
962 3184 1002 3252 de
1025 3205 1081 3272 eo,
1103 3188 1164 3272 qui

145 3332 204 3401 pro
237 3309 386 3396 muliere,
420 3310 471 3376 oui
499 3307 616 3374 donoro
643 3306 783 3393 volebat,
811 3309 925 3376 merito
955 3309 1020 3393 ojus
1053 3305 1158 3378 dotem

145 3433 349 3524 promiserit?
382 3431 571 3518 Respondit,
596 3431 684 3498 nulle
706 3431 844 3498 oreditor
866 3435 1049 3520 exeeptione
1072 3453 1158 3501 eum-

146 3561 343 3644 moveretur,
370 3558 445 3626 lieet
472 3559 519 3642 ie,
543 3557 602 3642 *qui
631 3557 660 3623 ei
689 3527 850 3640 delegetur
874 3561 950 3642 est,
968 3559 1086 3646 poterit
1110 3559 1159 3626 uti

148 3685 299 3752 adversus
322 3701 410 3769 eum,
441 3681 529 3766 eujus
552 3680 680 3747 nomine
700 3681 861 3767 promisit3
889 3681 951 3749 oui
969 3682 1081 3749 similis
1111 3688 1168 3750 eet

147 3809 297 3894 meritus,
329 3807 475 3876 maximo·
502 3806 529 3872 si
558 3809 719 3872 oonetuute
747 3806 948 3872 matrimonio
974 3811 1072 3892 petet
1116 3803 1160 3873 Et

149 3934 230 4002 siout
257 3933 349 4003 hereo
371 3931 532 4000 donatoris
554 3931 588 3997 in
611 3927 746 3998 solidum
766 3929 1009 4016 condemnatur,
1037 3931 1160 4017 etipse
