2852 4780
764 423 808 490 94

297 663 300 668 .
347 602 446 672 Actor
473 601 571 684 igitur
597 599 796 682 donatarius,
827 619 900 664 rens
928 602 1034 668 autem
1062 598 1199 666 donator
1231 599 1307 686 ipse

282 729 339 812 sit,
361 746 487 795 necesse
511 729 575 809 cst,
604 725 632 790 si
654 724 853 809 exceptiones
876 745 916 790 er
938 743 1034 792 causa
1062 723 1250 791 donationis
1276 723 1308 790 ei

226 917 228 922 ,
282 853 331 920 vis
360 851 477 938 opponi
503 865 608 935 posse.
652 847 862 919 Confirmatur
890 853 995 916 autem
1022 847 1100 916 haec
1128 847 1213 930 legis
1248 849 1306 912 41.

284 976 440 1044 sententia
460 973 530 1056 lege
544 975 598 1039 33.
614 969 644 1054 ξ.
661 973 692 1038 3.
709 971 777 1057 (39,
800 972 860 1055 5.):
886 971 953 1058 „Si,
976 991 1073 1056 quum
1087 970 1219 1040 Primus
1244 971 1308 1038 3131

281 1101 400 1168 donare
422 1097 528 1182 vellet,
550 1102 584 1164 33
604 1101 640 1162 33
663 1097 799 1166 donandi
822 1096 965 1166 Secundo
988 1097 1182 1164 voluntatem
1201 1095 1307 1162 hobe-

283 1245 352 1310 res,
379 1223 505 1290 Primus
528 1220 671 1288 3333333
698 1241 739 1286 en
761 1219 921 1287 voluntate
949 1225 1004 1288 tua
1032 1219 1200 1306 stipulanti
1226 1239 1306 1305 pro-

284 1348 417 1430 miserit,
438 1343 600 1431 perficitur
616 1345 758 1426 3333313
782 1349 814 1412 33
829 1346 903 1430 quia
917 1343 996 1411 nihil
1009 1342 1136 1409 Primus
1153 1343 1306 1412 Secundo

282 1492 305 1538 a
333 1491 393 1555 quo
420 1469 604 1536 convenitur
626 1469 769 1553 donavit,
793 1469 974 1552 etquidem
995 1468 1030 1534 in
1052 1467 1207 1553 solidum,
1238 1488 1307 1533 non
1406 1471 1407 1476 ’

284 1594 386 1678 inid,
409 1593 492 1679 quod
514 1593 617 1661 facere
640 1597 745 1679 potest
766 1590 1022 1660 condemnatur.“
1063 1641 1066 1650 .

352 1717 405 1784 IV.
439 1717 586 1786 Nondum
609 1707 839 1803 disputavimus
861 1716 900 1784 de
916 1737 953 1784 eo
968 1735 1054 1802 3333,
1076 1717 1111 1784 13
1126 1735 1188 1804 qno
1205 1715 1306 1784 simul

287 1847 319 1909 et
348 1840 497 1924 obligatio
526 1846 557 1907 et
585 1842 728 1927 donatio,
759 1841 809 1908 vel
830 1845 964 1924 utraque
986 1841 1113 1908 donatio
1135 1841 1206 1928 ipsc
1227 1840 1306 1924 jure
1406 1903 1407 1914 ,

284 1968 373 2033 33113
401 1971 449 2034 est
472 1971 526 2032 aut
548 1985 607 2051 ope
630 1965 822 2054 exceptionis
844 1966 1025 2050 impugnari
1046 1969 1165 2051 potest:
1194 1983 1305 2032 33333

159 2096 164 2106 “
286 2095 371 2158 certo
389 2081 445 2156 hic
467 2089 609 2172 delegato
631 2089 771 2156 defensio
794 2089 946 2158 adversus
964 2089 1305 2176 delegetnriumpree-
1406 2125 1407 2128 ¹

287 2214 390 2285 lenda
412 2213 479 2282 est?

355 2337 570 2410 secernendus
596 2337 651 2410 hic,
669 2337 814 2424 inprimis
836 2338 865 2406 is
888 2358 978 2408 casus
1000 2343 1066 2424 est,
1092 2340 1127 2406 in
1150 2359 1212 2425 qno
1237 2358 1304 2406 non

287 2464 421 2548 debitor,
444 2463 534 2549 quasi
556 2463 678 2530 debitor
702 2465 753 2548 sit,
777 2464 805 2528 ei
827 2462 987 2546 delegatus
1004 2467 1064 2547 est,
1086 2465 1136 2530 cui
1151 2464 1304 2546 delegans
1406 2463 1407 2466 ’

288 2589 460 2656 donaturus
492 2592 587 2658 33333,
602 2588 653 2654 hio
682 2589 766 2654 enim
794 2588 936 2671 delegato
965 2589 1140 2674 etiamtum·
1156 2588 1303 2675 exceptio

205 2757 220 2780 .
288 2711 353 2782 doli
375 2695 525 2778 adversm
549 2711 774 2793 delegatamum
796 2716 999 2797 competeret,
1021 2713 1050 2779 31
1073 2694 1199 2780 donatio
1216 2713 1303 2780 inter

289 2835 484 2919 delegantem
518 2840 551 2904 et
584 2835 809 2918 delegatarium
838 2834 943 2902 valida
977 2841 1081 2905 esset.
1111 2835 1150 2903 In
1178 2837 1303 2904 duobus

289 2967 394 3028 eutem
417 2961 504 3046 aliis,
529 2961 583 3046 qni
605 2961 666 3028 huc
686 2961 862 3047 pertinent,
885 2961 1024 3045 3331333,
1037 2960 1302 3047 jurisconsultum

288 3091 364 3172 puto
380 3084 521 3153 liberiori
535 3085 677 3169 arbitrio,
697 3105 737 3154 33
753 3083 874 3152 duabus
889 3105 968 3170 opus
984 3085 1025 3152 sit
1040 3085 1301 3168 condictionibus,

289 3207 430 3288 delegato
460 3209 675 3294 exceptionem
706 3207 769 3274 doli
799 3209 949 3280 adversus
976 3209 1203 3291 delegatorium
1226 3229 1302 3276 333-

289 3351 468 3415 cessnrnm,
498 3323 573 3398 nam
600 3332 635 3397 13
663 3331 712 3398 his
739 3352 802 3399 non
831 3333 952 3416 minus,
980 3353 1074 3418 qnam
1096 3336 1132 3400 in
1153 3353 1190 3400 eo
1213 3353 1301 3416 3333,
1350 3371 1354 3378 ·

289 3456 323 3525 13
345 3475 406 3541 quo
427 3455 549 3524 debitor
568 3455 730 3541 putativus
745 3455 893 3522 creditori
907 3457 1049 3542 putativo
1063 3458 1301 3546 delegatusest,

290 3580 451 3664 delegatus
480 3580 671 3672 delegatorio
697 3581 802 3650 dicere
831 3585 950 3666 potest:
986 3582 1057 3650 dolo
1087 3583 1186 3668 petis,
1215 3580 1301 3666 qnod

288 3705 468 3798 redditurus
492 3725 541 3773 es:
564 3706 647 3790 quod
663 3707 746 3776 enim
762 3705 1126 3788 delegatus-delegatoris
1143 3704 1300 3788 solvisset,

288 3829 322 3900 id
345 3828 491 3912 delegans
515 3851 534 3896 a
557 3830 763 3914 delegatorio,
786 3831 947 3914 delegatus
970 3834 1074 3896 antem
1097 3849 1116 3894 a
1136 3829 1300 3912 delegante

287 3973 346 4039 per
368 3953 595 4022 condictionem
617 3960 827 4042 recuperaret.
