2852 4780
606 411 755 508 *oo-

168 584 269 668 satio,
285 583 549 667 concluseramus,
570 583 767 668 delegatione
788 585 929 671 perfecta
949 587 1082 672 perinde
1103 607 1184 674 esse,

170 727 211 774 ac
238 708 266 775 si
288 708 443 790 ¹delegans
470 711 630 793 acceptam
653 729 673 776 a
695 709 836 792 delegato
864 710 1031 796 pecuniam
1058 710 1183 796 delega-

169 832 253 898 tario
276 830 409 915 dederit,
431 831 483 896 bie
505 835 611 898 autem
633 851 703 900 eam
725 832 867 915 delegato
882 833 1060 904 crediderit.
1081 831 1184 912 'Quod

168 955 299 1040 quidem
331 956 366 1020 in
394 954 607 1040 disputatione
633 954 758 1038 longius
792 955 952 1043 progressi
984 957 1080 1024 etiam
1113 960 1182 1022 tum

169 1077 240 1146 fieri
262 1079 482 1163 cognevimus,
511 1079 539 1145 si
561 1080 687 1146 novatio
718 1099 783 1149 non
809 1079 861 1164 fit,
883 1079 1030 1166 inprimis
1054 1079 1082 1146 si
1104 1079 1182 1154 obli.-

169 1202 324 1286 getiones,
347 1221 424 1288 quas
448 1202 575 1274 subesse
597 1223 725 1272 neeesse
741 1208 801 1289 est,
823 1204 946 1271 desunt.
980 1203 1071 1272 Nunc
1084 1204 1183 1288 igitur

143 1361 147 1374 ·
167 1325 248 1394 illud
271 1330 410 1394 statuere
432 1327 522 1394 nobis
539 1327 628 1394 licet:
649 1327 854 1414 stipulatione
868 1327 927 1396 hoc
942 1327 1085 1413 consilio,
1106 1344 1181 1396 con·

170 1449 323 1516 sentiente
344 1451 439 1516 tertia
462 1451 567 1536 aliqua
589 1472 735 1539 persona,
758 1456 930 1537 eontracta,
953 1462 1078 1540 semper
1099 1450 1181 1520 effici

167 1593 276 1660 posse,
305 1578 342 1642 ut
363 1565 494 1661 perinde
516 1577 575 1660 sit,
597 1595 634 1644 ae
657 1578 685 1644 si
708 1575 832 1644 Tertius
854 1575 909 1650 ille
932 1575 1105 1659 (delegans)
1128 1595 1181 1642 ac·
1315 1579 1319 1590 '

166 1702 292 1784 ceptam
320 1718 339 1764 a
368 1700 562 1784 promissore
589 1699 767 1782 (delegato)
800 1700 968 1784 pecuniam
1001 1700 1181 1786 stipulatori
1280 1695 1282 1698 ’

169 1820 396 1904 (delegetario)
419 1823 558 1907 dederit,
582 1821 761 1889 bisantem
784 1841 854 1888 eam
869 1823 1057 1908 promissori
1076 1821 1180 1903 (dele-

166 1945 260 2028 gato)
283 1933 462 2030 crediderit,
486 1950 607 2014 et-tum
629 1946 722 2016 modu
744 1947 945 2015 novationem
958 1943 1039 2032 tisri,
1062 1946 1090 2015 si
1106 1945 1179 2013 sub-

169 2073 244 2136 sunt
265 2067 472 2152 obligationes
494 2071 618 2154 generis
641 2071 791 2154 ejusdem.

165 2259 168 2264 .
235 2192 338 2271 Quum
360 2194 459 2277 igitur
480 2180 837 2282 delaadone'perfsetu
858 2214 923 2262 una
944 2193 1124 2276 adelegato
1139 2194 1179 2260 ad

167 2316 376 2402 delegantem,
398 2318 498 2386 altera
520 2339 540 2385 a
562 2319 724 2402 delegante
745 2317 785 2385 ad
801 2317 1025 2402 delegatorium
1038 2316 1180 2403 proiecta

168 2463 236 2510 esse
258 2443 402 2513 videatur
429 2443 531 2527 detio,
549 2448 804 2514 ,consentaneum
827 2445 876 2508 est
896 2441 980 2508 inter
1002 2439 1180 2522 delegatum

159 2565 426 2652 ,delegantemque
470 2570 502 2632 et
538 2567 622 2636 inter
659 2566 855 2650 delegantem
891 2564 1180 2649 delegotariumque

167 2695 293 2777 praeter
315 2690 472 2776 duplicem
496 2691 694 2776 solutionem,
718 2711 797 2776 quae
819 2691 860 2758 ad
882 2710 990 2789 casum
1004 2688 1176 2756 normalem

166 2815 315 2900 pertinet,
338 2817 443 2882 omnia
466 2835 503 2884 ea
518 2817 660 2901 negotia,
682 2817 771 2882 varie
785 2816 860 2882 bina
874 2814 1059 2899 composita,
1082 2832 1179 2898 expe·

168 2937 229 3004 diri
251 2958 355 3025 pesse,
379 2958 461 3024 qnae
482 2939 608 3006 datione
630 2922 843 3006 intercedente
858 2935 967 3022 perfici
983 2933 1094 3016 solent,
1117 2934 1177 3000 sei

168 3063 243 3133 licet
258 3062 383 3145 solutio,
395 3063 534 3145 donatio,
543 3063 713 3141 creditum
729 3080 827 3146 eaque
841 3059 908 3126 iere
924 3057 1040 3142 omnia,
1055 3075 1178 3124 summa

168 3185 320 3253 varietate
344 3185 526 3270 composita,
551 3186 585 3251 in
606 3185 744 3256 fontibus
767 3186 948 3251 occurrunt:

236 3309 265 3373 1.
301 3306 421 3376 Salutio
444 3329 464 3374 a
486 3308 628 3392 delegato
658 3307 814 3390 deleganti
842 3312 874 3374 et
901 3306 1027 3374 donatio
1051 3323 1071 3370 a
1092 3303 1177 3372 dele-

167 3436 262 3518 gante
284 3432 475 3516 delegatoris
497 3432 614 3500 imtae:
994 3509 996 3513 ¹
1062 3509 1065 3514 ¹
1175 3459 1178 3464 ·

232 3555 270 3624 L.
287 3557 340 3624 21.
364 3553 394 3638 ξ.
413 3558 441 3622 1.
467 3555 534 3641 (39,
550 3558 593 3639 b).
638 3555 721 3639 „Sed
744 3555 771 3621 si
794 3553 968 3622 debitorem
990 3569 1096 3618 meum
1118 3550 1177 3618 tibi

168 3680 345 3749 donationis
372 3679 559 3748 immodicae
581 3699 676 3748 eausa
697 3679 890 3767 promittere
900 3677 999 3762 jussi,
1026 3695 1069 3742 an
1088 3695 1176 3743 sum-

167 3805 304 3872 moveris
326 3804 503 3871 donationis
527 3805 727 3892 exceptione,
754 3823 869 3887 necne,
893 3801 1088 3870 tractabitur.
1133 3798 1177 3870 Et

167 3947 256 3995 meus
286 3929 412 4014 quidem
439 3928 562 3996 debitor
589 3930 772 4015 exceptione
799 3933 831 3994 te
859 3930 1004 4013 agenmm
1025 3922 1177 4014 repellere
