2852 4780
691 395 847 500 *aa

224 563 228 570 ’
298 573 302 582 “
330 586 362 651 2.
396 572 656 668 stipulationem,
684 580 768 648 inter
790 573 1028 662 delegatorinm⁴
1041 584 1073 646 et
1095 578 1280 664 delegatam
1415 559 1417 582 ÷

263 711 466 790 eontractam,
489 725 529 772 en
551 697 694 792 pristinis
717 703 820 770 nausis
842 703 922 768 nihil
944 701 1091 790 pandere.

330 833 361 898 3.
390 826 539 896 Rationes
561 828 645 912 juris
666 829 750 894 inter
765 823 944 910 delegatum
970 833 1002 895 et
1024 828 1221 911 delegantem
1243 835 1279 896 et

262 956 346 1022 inter
378 953 576 1036 delegantem
610 957 642 1020 et
669 951 895 1036 delegatorium
924 971 965 1018 ex
992 952 1118 1020 eletione
1145 952 1280 1038 ejusque·
1416 969 1417 976 ¹

263 1071 358 1148 eausa
380 1071 556 1162 dijudie'ari.

329 1203 383 1270 Ad
404 1194 482 1288 qnos
505 1205 610 1266 autem
632 1199 711 1265 alios
732 1197 837 1284 hujus,
859 1217 954 1284 qnam
975 1199 1150 1268 normalem
1165 1199 1276 1286 appel·

262 1318 397 1394 lavimus
418 1325 625 1408 delegationis
647 1342 757 1405 oasns,
778 1327 947 1409 praesepta
968 1321 1028 1389 illa
1045 1324 1225 1409 pertinent?
1269 1307 1275 1315 ⁸

328 1449 382 1516 Ad
404 1467 512 1515 omnes
535 1467 588 1514 eos
611 1466 702 1514 nasus
725 1447 954 1530 contendimus,
975 1446 1150 1532 inquibus,
1174 1447 1277 1533 stipu-

262 1573 379 1640 letione
400 1565 486 1640 inter
507 1573 585 1638 dues
600 1585 752 1656 personas
767 1587 809 1635 ex
822 1569 984 1637 voluntate
999 1569 1102 1636 Tertii
1113 1570 1279 1654 eujusdam

262 1697 353 1781 inite,
375 1695 454 1762 illud
477 1694 623 1778 effieitnr,
646 1698 683 1760 ut
704 1694 835 1779 perinde
851 1694 903 1779 sit,
927 1713 964 1760 ae
981 1695 1008 1760 si
1024 1693 1149 1761 Tertius
1165 1713 1278 1779 aooep-

262 1826 329 1887 tam
343 1840 363 1886 a
376 1820 568 1906 promissore
584 1835 741 1884 summam
756 1816 935 1903 stipulatori
950 1818 1083 1902 dederit,
1103 1818 1154 1884 hie
1170 1819 1278 1883 antem

262 1943 447 2030 promissori
469 1963 539 2010 eam
562 1941 745 2021 erediderit3
772 1945 842 2006 tum
863 1943 949 2007 enim
970 1942 1071 2028 ipsius
1093 1941 1140 2008 rei
1162 1945 1279 2008 natura

262 2059 414 2150 efficitur,
437 2061 473 2131 nt
495 2085 535 2132 ex
558 2065 684 2147 eodem,
703 2085 749 2130 ex
771 2084 832 2149 quo
854 2064 889 2143 in
912 2085 987 2132 nasu
1001 2064 1155 2150 normali,
1177 2066 1276 2150 fonte,

262 2191 373 2259 eadem
395 2188 554 2277 profluant
573 2192 753 2276 praesepta.

665 2401 875 2410 --—--—-—-

592 2591 723 2677 PARS
746 2595 946 2679 TERTIA.

261 2765 323 2832 Ao
346 2759 546 2844 onosmn
568 2759 691 2827 mres
715 2738 846 2828 orsos
869 2761 1118 2830 sonnonem
1141 2763 1273 2832 nosos

447 2883 660 2955 nonnius
683 2881 961 2954 nomnnnonn
986 2887 1089 2956 snm.
1209 2979 1210 2982 Ὺ

689 3039 847 3047 m

725 3141 754 3226 §-
781 3145 809 3208 1.

261 3264 304 3332 A.
324 3264 469 3333 Eorum
493 3286 643 3348 casuum,
666 3269 702 3332 in
726 3267 846 3352 quibos
867 3269 996 3351 eadem,
1020 3281 1123 3358 atque
1137 3272 1173 3338 io
1189 3291 1273 3338 casu

448 3387 609 3469 normali,
634 3390 727 3458 ratio
750 3389 855 3474 volet,
878 3405 1090 3480 conspectus.

288 3551 290 3554 ’
327 3547 535 3632 Disputantes
564 3547 603 3613 de
630 3566 705 3613 oasu
731 3548 866 3615 normali
893 3550 932 3616 ab
961 3571 999 3618 ea
1021 3555 1175 3621 sententia
1196 3573 1272 3640 pro·

260 3671 336 3738 letti
357 3690 494 3756 eramus,
517 3671 718 3757 stipulatione
740 3672 823 3738 inter
844 3673 1070 3756 delegatorinm
1093 3680 1125 3740 et
1147 3675 1272 3760 delega-

260 3795 330 3860 'tdm
353 3799 514 3862 eontracta
525 3793 684 3882 'ddpliaem
699 3793 768 3862 fieri
782 3798 991 3864 novationem.
1028 3798 1081 3864 Ex
1094 3801 1272 3868 novationis

262 3924 377 3986 antem.
390 3920 533 4004 notione,
557 3938 630 3986 eum
652 3919 800 3987 solutioni
822 3921 934 3988 similis
957 3941 1026 3989 esse
1047 3923 1192 3992 videatur
1213 3944 1271 3992 no·
1408 3907 1409 3984 i
