2834 4780
557 413 711 512 A

128 592 248 674 denset,
270 589 433 677 propriam
455 588 661 674 delegationis
681 589 815 656 mimam
830 587 911 656 hane
923 589 1037 658 fuisse:
1060 589 1143 676 quod

129 717 162 780 te
178 713 262 782 Titio
284 714 358 782 dere
380 717 517 800 oportet,
532 713 572 780 id
593 713 673 780 mihi
694 713 770 780 dare
793 713 950 800 spondes?
972 714 1056 800 quod
1077 713 1144 782 sole

129 839 307 906 neeessario
329 839 457 924 pristini
472 837 625 904 debitoris
640 855 827 906 eonsensum
840 839 988 922 requirit3
1012 837 1143 906 alteram

130 967 237 1040 autem
251 963 386 1029 formam
401 961 604 1045 delegationis
618 961 782 1048 propriam
795 961 894 1028 fuisso
907 967 1013 1047 neget,
1028 963 1146 1049 qnippe

131 1107 229 1172 quum
251 1086 518 1173 neva'stipuletio
538 1086 633 1152 etiam
657 1086 725 1152 sine
748 1087 1043 1172 eonsensupristini
1058 1062 1144 1154 debi-

129 1212 211 1278 toris
231 1211 294 1278 hae
311 1211 414 1278 forma
435 1210 578 1277 eontrahi
600 1210 720 1296 possit
927 1253 930 1260 -

197 1333 232 1400 si
254 1335 352 1417 igitur
370 1333 536 1421 *probabile
558 1338 651 1418 esset,
675 1332 758 1419 quod
780 1332 950 1417 Fittingius
973 1333 1145 1420 contendit,

130 1455 313 1524 formulam:
343 1459 427 1544 quod
454 1463 486 1525 te
513 1457 596 1525 Titio
626 1457 702 1524 dare
728 1461 869 1544 oportet,
885 1457 934 1528 ¹id
961 1458 1041 1526 milri
1069 1459 1145 1526 dere

103 1571 112 1580 ’
132 1582 288 1667 spondes?
309 1583 473 1669 propriam
495 1601 532 1648 ae
552 1581 733 1648 normnlem-
749 1581 955 1664 delegationis
975 1583 1145 1653 formulam

130 1705 240 1790 fuisse,
254 1705 355 1771 multo
379 1707 474 1772 etiam
489 1705 590 1788 magis
605 1705 784 1771 mirandum
799 1709 893 1788 esset,
903 1705 1146 1789 jurisconsultos

129 1827 299 1913 Romanos,
322 1849 394 1895 eum
413 1829 452 1895 de
466 1829 616 1895 univorsa
629 1827 826 1910 delegatione
839 1833 1008 1914 praesepta
1023 1829 1146 1915 darent,

131 1953 211 2018 adeo
233 1972 367 2036 errasse,-
389 1957 431 2019 ut·
447 1957 615 2039 praesepta
638 1970 746 2018 eorum
760 1952 795 2018 in
811 1968 883 2018 eum
898 1957 1022 2022 tautum
1038 1965 1146 2022 essum

90 2094 96 2104 ⁸
130 2076 296 2162 oederent,
325 2077 379 2162 qui
405 2076 559 2160 regularis
589 2095 625 2144 ee
651 2077 802 2144 normalis
825 2077 1031 2160 delegationis
1053 2094 1146 2146 ossus

129 2199 243 2268 haberi
261 2221 330 2267 non
346 2206 461 2288 potest.

137 2349 142 2357 ¹
200 2324 228 2407 e)
250 2323 285 2391 Si
300 2326 462 2392 haeovere
478 2330 561 2393 esset
571 2323 722 2394 normalis
733 2325 880 2410 femus,
894 2345 958 2393 non
969 2327 1074 2394 minus
1085 2327 1145 2394 rni-

130 2449 267 2516 rendum
282 2455 375 2534 esset,
396 2449 621 2516 Tribonianum
636 2450 865 2536 expositionem
879 2450 1059 2532 regularum
1074 2451 1146 2520 ille-

130 2593 215 2658 rum,
227 2573 267 2639 ed
278 2573 446 2640 formulam
461 2574 635 2641 normalem
647 2582 710 2640 non
722 2575 942 2662 speetantium,
960 2576 1000 2641 ed
1010 2575 1145 2659 legalem

131 2697 337 2781 delegationis
353 2697 565 2766 definitionem
581 2699 762 2783 adjunxisse
785 2698 870 2781 (01.1.
884 2701 936 2766 11.
951 2700 972 2766 1.
989 2703 1041 2770 12.
1055 2701 1077 2767 l.
1093 2705 1145 2770 13.

132 2818 202 2907 [46‚
213 2821 272 2908 2]),
295 2823 493 2907 adjunctione
508 2823 565 2890 illa
579 2825 806 2908 ostendentem,
830 2843 864 2889 se
878 2823 1004 2905 regulos
1017 2825 1092 2892 illes
1105 2826 1147 2892 ed

132 2941 241 3014 omnes
257 2949 414 3016 normales
428 2949 634 3030 delegationis
649 2967 741 3014 ossus
757 2946 899 3012 adhiberi
913 2965 1007 3032 posse
1022 2952 1144 3034 putare.

200 3073 231 3138 2.
266 3072 377 3139 Altam
407 3072 447 3138 ad
476 3053 729 3156 interpretandas
755 3069 827 3136 illes
853 3071 939 3154 leges
966 3070 1044 3140 haee
1071 3085 1145 3142 eon-

125 3194 252 3280 jeeture
275 3199 339 3280 est,
362 3215 456 3281 qnam
479 3195 595 3281 stipsi
617 3195 798 3282 probamus,
815 3185 1058 3279 juriseonsultos
1079 3199 1145 3266 for-

130 3319 251 3386 mulam
274 3319 447 3386 normalem
463 3319 545 3386 hone
563 3323 735 3407 speetasse:
758 3325 883 3388 eentum
899 3321 975 3388 dere
990 3323 1146 3410 spondes?

117 3443 235 3535 *Quam
256 3445 391 3510 formem
414 3445 440 3510 si
464 3443 637 3510 normalem
651 3444 749 3511 inisse
763 3447 855 3532 ponis
870 3445 918 3512 nil
932 3447 1046 3532 obstat,
1070 3448 1146 3532 quin

133 3539 260 3652 regulae
294 3589 313 3634 a
342 3569 574 3653 jurisconsultis
601 3568 751 3638 Romanis
781 3569 872 3636 datae
900 3569 935 3636 in
962 3571 1145 3638 universum

133 3692 276 3778 valeant,
304 3712 363 3760 neo
388 3713 515 3760 neeesse
537 3697 602 3777 est,
630 3693 806 3762 inferantur
827 3694 948 3778 legibus
971 3695 1145 3763 distinctio·
1225 3759 1228 3765 .

3 3873 5 3884 .
134 3835 202 3901 nes,
223 3837 357 3902 quornm
379 3817 414 3885 in
435 3817 500 3884 illis
521 3831 562 3883 ne
576 3817 670 3884 verbo
694 3818 821 3903 quidem
842 3820 961 3887 mentio
983 3820 1067 3887 laeta
1087 3825 1144 3888 est.

69 3936 84 3949 '
137 3939 347 4009 Confirmetur
370 3947 475 4010 summ
498 3939 676 4032 oonjeeture
696 3947 805 4010 nostre
826 3943 912 4011 hisee
933 3920 1048 4010 loeis.

932 4062 951 4117 4
