2852 4780
701 393 860 492 —7-2-

1414 453 1418 522 l

275 571 336 658 quo
359 571 532 657 stipulatio,
555 574 715 648 eontrooto
736 573 830 654 esset,
853 591 916 636 non
938 567 1119 638 sodomum
1132 574 1290 657 tempore,
1416 591 1417 610 ¹

275 715 335 781 quo
369 695 523 761 naturalis
554 695 706 780 peounioe
732 694 906 780 promissae
934 694 1047 762 solutio
1073 695 1158 762 laeto
1185 700 1287 762 osset:

265 837 349 885 nem
371 819 447 904 quid
469 821 564 903 putes
586 817 672 884 eliud
695 817 755 884 sibi
769 818 850 885 velle
865 818 999 884 formem
1013 819 1190 904 praesentis
1203 824 1286 886 tem

272 939 360 1029 poris
385 938 575 1026 ,obligoris“
599 941 634 1006 in
656 942 758 1028 primo
780 941 842 1008 loei
864 942 964 1008 nostri
987 941 1171 1012 enuntiato?

338 1068 371 1133 5.
406 1066 502 1142 Dotio
524 1064 672 1131 eredendi
694 1084 789 1131 eeuso
810 1085 829 1130 e
851 1065 994 1148 delegato
1015 1065 1172 1149 deleganti
1187 1069 1220 1132 et
1234 1085 1286 1138 so-

272 1191 351 1258 lutio
375 1209 394 1255 o
416 1188 580 1272 delegante
603 1187 792 1270 delegatorio
815 1189 926 1256 foetos.

267 1345 271 1352 ·
339 1313 441 1397 Hujus
471 1331 593 1398 quoquo
623 1312 857 1398 eompositionis
881 1317 990 1382 extant
1012 1313 1074 1380 duo
1097 1277 1293 1397 gravissimo·

272 1438 433 1524 exemplo:
1156 1503 1159 1508 .
1264 1507 1268 1512 .

302 1609 305 1616 »
340 1561 381 1644 α)
395 1557 525 1644 Mulier,
549 1560 653 1638 dotem
676 1560 791 1626 merito
813 1561 1038 1644 eonstitutnro,
1061 1560 1103 1630 ob.
1124 1579 1160 1627 eo
1182 1559 1287 1626 eredi-

262 1687 334 1752 -tori
357 1685 424 1769 ejus
447 1684 586 1768 delegari
600 1688 715 1771 potest,
737 1684 784 1750 ito
804 1689 841 1764 ut
860 1684 946 1752 illius
960 1685 1169 1770 promissione
1188 1685 1287 1752 simul

272 1809 329 1876 dos
351 1810 466 1876 marito
490 1808 673 1891 (deleganti)
698 1809 907 1875 constituetur
922 1814 954 1876 et
969 1808 1117 1876 oreditori
1133 1809 1199 1893 ejus
1215 1808 1285 1890 (de-

271 1933 436 2016 legatorio)
460 1933 600 2000 debitum
623 1931 773 1998 solvetur.

310 2055 375 2124 'L
392 2057 445 2121 59·
461 2075 510 2141 ΡΥ·
527 2055 594 2139 (23,
611 2055 655 2136 3).
703 2053 837 2138 „Mulier
861 2104 869 2120 .
891 2105 899 2121 .
924 2106 931 2121 .
955 2106 963 2122 ,
991 2057 1186 2144 promissum
1214 2057 1286 2124 vim

260 2179 388 2263 dotem,
411 2182 516 2266 potest
538 2177 702 2262 delegante
725 2198 761 2246 eo
785 2178 876 2245 elteri
894 2183 1078 2267 promittere
1102 2229 1185 2248 ....
1222 2179 1284 2250 His

272 2305 357 2372 enim
379 2289 502 2370 ossibus
524 2303 593 2369 uiro
616 2302 672 2369 dos
695 2302 857 2388 quaeritrr
880 2300 986 2369 ....“

204 2453 209 2466 ⁸
339 2429 443 2508 Quum
470 2428 569 2511 igitur
597 2426 712 2494 mulier
738 2427 945 2514 promissione
975 2426 1030 2494 elii
1057 2427 1141 2494 foetu
1167 2427 1283 2494 morito

271 2554 377 2620 dotem
399 2552 588 2622 constituere
610 2552 722 2637 possit,
744 2553 894 2620 nimirum
917 2552 1013 2619 otiam
1035 2552 1284 2638 expromissione

259 2679 390 2762 potest,
412 2663 459 2741 it's
480 2679 517 2740 ut
537 2675 671 2741 meritus
694 2694 714 2739 a
734 2676 889 2742 creditore
910 2675 1071 2742 liberetur.

337 2799 369 2881 d)
391 2797 563 2882 Delegotus
593 2799 785 2882 delegatorio
808 2801 995 2886 promittens
1018 2799 1112 2866 simul
1134 2799 1282 2882 delegen-

270 2927 334 2990 tem
357 2943 377 2989 a
398 2924 589 3008 delegatorio
613 2923 744 3008 liberet,
772 2943 905 3010 eumque
928 2925 987 2990 sibi
1011 2923 1129 3008 obliget
1150 2945 1190 3018 ex
1212 2943 1281 2990 ore·
1416 2983 1417 2986 ,

269 3046 347 3130 dito,
371 3067 432 3132 quo
455 3050 536 3115 sotio
558 3049 695 3116 creditae
717 3049 857 3115 nescitur
878 3049 1038 3135 pecuniae.

256 3219 258 3224 .
336 3167 373 3234 L.
392 3172 444 3235 19.
460 3169 488 3252 ξ.
506 3173 536 3236 3.
555 3170 623 3256 (14,
638 3171 682 3255 3).
731 3171 880 3257 ,Seruus
902 3173 1044 3259 peouniis
1067 3175 1191 3238 tentum
1212 3171 1279 3238 ioe-
1416 3139 1417 3160 Χ

255 3291 418 3358 nerondis
447 3295 662 3379 praepositus,
690 3315 748 3380 per
776 3297 1031 3365 interoessionem
1059 3317 1113 3364 aes
1142 3295 1280 3370 alionum

254 3415 454 3502 surripiens,
477 3420 514 3482 ut
535 3417 673 3508 institor,
696 3418 858 3486 dominum
879 3421 914 3486 in
937 3421 1070 3488 solidum
1087 3421 1161 3504 jure
1182 3418 1282 3485 Prae-¹

268 3540 350 3606 torio
363 3559 428 3607 non
443 3541 625 3626 adstringit3
648 3542 732 3627 quod
747 3549 853 3612 eutem
866 3564 925 3632 pro
941 3565 988 3630 oo,
1012 3546 1066 3630 qui
1072 3541 1093 3626 ι)
1111 3543 1279 3630 peounism

267 3663 460 3750 foeneravit,
493 3685 551 3752 por
579 3665 808 3750 delegationem
836 3669 892 3738 olii
919 3670 1080 3756 promisit,
1108 3665 1277 3736 odomino

196 3893 206 3907 ’
253 3981 256 3988 ,
321 3927 342 3996 ι)
365 3925 416 3984 Oui
433 3943 469 4002 ex
486 3929 521 4002 ej.
533 3927 710 4002 Meyerfeldii.
