<?xml version="1.0" encoding="UTF-8"?>
<!DOCTYPE html PUBLIC "-//W3C//DTD XHTML 1.0 Transitional//EN"
    "http://www.w3.org/TR/xhtml1/DTD/xhtml1-transitional.dtd">
<html xmlns="http://www.w3.org/1999/xhtml" xml:lang="en" lang="en">
 <head>
  <title>
</title>
<meta http-equiv="Content-Type" content="text/html;charset=utf-8" />
  <meta name='ocr-system' content='tesseract 3.04.00' />
  <meta name='ocr-capabilities' content='ocr_page ocr_carea ocr_par ocr_line ocrx_word'/>
</head>
<body>
  <div class='ocr_page' id='page_1' title='image "./dedelegationisn00berngoog_0051.png"; bbox 0 0 2834 4780; ppageno 0'>
   <div class='ocr_carea' id='block_1_1' title="bbox 692 359 851 456">
    <p class='ocr_par' dir='ltr' id='par_1_1' title="bbox 692 359 851 456">
     <span class='ocr_line' id='line_1_1' title="bbox 692 359 851 456; baseline 0 -32"><span class='ocrx_word' id='word_1_1' title='bbox 692 359 851 456; x_wconf 39' lang='lat' dir='ltr'>*ep-</span> 
     </span>
    </p>
   </div>
   <div class='ocr_carea' id='block_1_2' title="bbox 264 534 1295 2112">
    <p class='ocr_par' dir='ltr' id='par_1_2' title="bbox 264 534 1397 2112">
     <span class='ocr_line' id='line_1_2' title="bbox 264 534 1295 622; baseline -0.001 -16"><span class='ocrx_word' id='word_1_2' title='bbox 264 538 470 606; x_wconf 84' lang='lat' dir='ltr'>lleeebantne</span> <span class='ocrx_word' id='word_1_3' title='bbox 494 537 610 618; x_wconf 77' lang='lat' dir='ltr'>inhee</span> <span class='ocrx_word' id='word_1_4' title='bbox 631 555 707 606; x_wconf 80' lang='lat' dir='ltr'>aean</span> <span class='ocrx_word' id='word_1_5' title='bbox 728 534 921 618; x_wconf 68' lang='lat' dir='ltr'>delegatam</span> <span class='ocrx_word' id='word_1_6' title='bbox 944 534 1145 622; x_wconf 80' lang='lat' dir='ltr'>exeeptienee</span> <span class='ocrx_word' id='word_1_7' title='bbox 1164 555 1205 604; x_wconf 82' lang='lat' dir='ltr'>ae</span> <span class='ocrx_word' id='word_1_8' title='bbox 1227 537 1295 606; x_wconf 93' lang='lat' dir='ltr'>de-</span> 
     </span>
     <span class='ocr_line' id='line_1_3' title="bbox 265 658 1295 749; baseline 0 -19"><span class='ocrx_word' id='word_1_9' title='bbox 265 663 422 730; x_wconf 82' lang='lat' dir='ltr'>fensiones</span> <span class='ocrx_word' id='word_1_10' title='bbox 445 683 486 730; x_wconf 82' lang='lat' dir='ltr'>ex</span> <span class='ocrx_word' id='word_1_11' title='bbox 508 681 544 730; x_wconf 90' lang='lat' dir='ltr'>ee</span> <span class='ocrx_word' id='word_1_12' title='bbox 565 661 701 749; x_wconf 89' lang='lat' dir='ltr'>petitae,</span> <span class='ocrx_word' id='word_1_13' title='bbox 728 659 812 746; x_wconf 86' lang='lat' dir='ltr'>qued</span> <span class='ocrx_word' id='word_1_14' title='bbox 832 661 932 728; x_wconf 77' lang='lat' dir='ltr'>altere</span> <span class='ocrx_word' id='word_1_15' title='bbox 951 658 1166 746; x_wconf 71' lang='lat' dir='ltr'>stipulatam</span> <span class='ocrx_word' id='word_1_16' title='bbox 1185 679 1295 730; x_wconf 77' lang='lat' dir='ltr'>eausa</span> 
     </span>
     <span class='ocr_line' id='line_1_4' title="bbox 265 781 1291 870; baseline 0 -16"><span class='ocrx_word' id='word_1_17' title='bbox 265 787 381 854; x_wconf 78' lang='lat' dir='ltr'>vitiem</span> <span class='ocrx_word' id='word_1_18' title='bbox 403 785 474 854; x_wconf 78' lang='lat' dir='ltr'>aeti.</span> <span class='ocrx_word' id='word_1_19' title='bbox 509 785 544 853; x_wconf 89' lang='lat' dir='ltr'>Si</span> <span class='ocrx_word' id='word_1_20' title='bbox 567 785 677 854; x_wconf 83' lang='lat' dir='ltr'>eedem</span> <span class='ocrx_word' id='word_1_21' title='bbox 698 785 758 852; x_wconf 87' lang='lat' dir='ltr'>hee</span> <span class='ocrx_word' id='word_1_22' title='bbox 781 803 904 870; x_wconf 85' lang='lat' dir='ltr'>qaoque</span> <span class='ocrx_word' id='word_1_23' title='bbox 925 783 993 852; x_wconf 88' lang='lat' dir='ltr'>leee</span> <span class='ocrx_word' id='word_1_24' title='bbox 1016 781 1130 852; x_wconf 80' lang='lat' dir='ltr'>efferae</span> <span class='ocrx_word' id='word_1_25' title='bbox 1147 784 1291 854; x_wconf 79' lang='lat' dir='ltr'>velimus</span> 
     </span>
     <span class='ocr_line' id='line_1_5' title="bbox 266 907 1291 996; baseline 0 -18"><span class='ocrx_word' id='word_1_26' title='bbox 266 913 469 996; x_wconf 83' lang='lat' dir='ltr'>argumente,</span> <span class='ocrx_word' id='word_1_27' title='bbox 498 929 578 996; x_wconf 84' lang='lat' dir='ltr'>quae</span> <span class='ocrx_word' id='word_1_28' title='bbox 601 929 715 996; x_wconf 80' lang='lat' dir='ltr'>supra,</span> <span class='ocrx_word' id='word_1_29' title='bbox 738 907 900 994; x_wconf 72' lang='lat' dir='ltr'><strong>stipulatio</strong></span> <span class='ocrx_word' id='word_1_30' title='bbox 922 908 956 974; x_wconf 89' lang='lat' dir='ltr'>in</span> <span class='ocrx_word' id='word_1_31' title='bbox 978 907 1038 975; x_wconf 87' lang='lat' dir='ltr'>hee</span> <span class='ocrx_word' id='word_1_32' title='bbox 1060 928 1184 996; x_wconf 86' lang='lat' dir='ltr'>queque</span> <span class='ocrx_word' id='word_1_33' title='bbox 1206 929 1291 978; x_wconf 74' lang='lat' dir='ltr'>easta</span> 
     </span>
     <span class='ocr_line' id='line_1_6' title="bbox 267 1032 1289 1119; baseline 0 -16"><span class='ocrx_word' id='word_1_34' title='bbox 267 1035 388 1103; x_wconf 83' lang='lat' dir='ltr'>intaeta</span> <span class='ocrx_word' id='word_1_35' title='bbox 411 1033 487 1101; x_wconf 77' lang='lat' dir='ltr'>elit:</span> <span class='ocrx_word' id='word_1_36' title='bbox 510 1053 608 1119; x_wconf 86' lang='lat' dir='ltr'>quum</span> <span class='ocrx_word' id='word_1_37' title='bbox 631 1033 717 1101; x_wconf 90' lang='lat' dir='ltr'>enim</span> <span class='ocrx_word' id='word_1_38' title='bbox 739 1033 832 1117; x_wconf 82' lang='lat' dir='ltr'>ratio,</span> <span class='ocrx_word' id='word_1_39' title='bbox 855 1051 935 1118; x_wconf 83' lang='lat' dir='ltr'>quae</span> <span class='ocrx_word' id='word_1_40' title='bbox 957 1032 1116 1116; x_wconf 76' lang='lat' dir='ltr'>deleganti</span> <span class='ocrx_word' id='word_1_41' title='bbox 1138 1052 1212 1100; x_wconf 83' lang='lat' dir='ltr'>enm</span> <span class='ocrx_word' id='word_1_42' title='bbox 1226 1035 1289 1105; x_wconf 88' lang='lat' dir='ltr'>de-</span> 
     </span>
     <span class='ocr_line' id='line_1_7' title="bbox 266 1155 1288 1243; baseline 0.001 -18"><span class='ocrx_word' id='word_1_43' title='bbox 266 1157 420 1242; x_wconf 82' lang='lat' dir='ltr'>legatarie</span> <span class='ocrx_word' id='word_1_44' title='bbox 450 1161 515 1242; x_wconf 88' lang='lat' dir='ltr'>eet,</span> <span class='ocrx_word' id='word_1_45' title='bbox 546 1157 585 1223; x_wconf 88' lang='lat' dir='ltr'>ad</span> <span class='ocrx_word' id='word_1_46' title='bbox 609 1155 788 1240; x_wconf 88' lang='lat' dir='ltr'>delegatum</span> <span class='ocrx_word' id='word_1_47' title='bbox 810 1175 874 1224; x_wconf 87' lang='lat' dir='ltr'>nen</span> <span class='ocrx_word' id='word_1_48' title='bbox 895 1157 1069 1243; x_wconf 84' lang='lat' dir='ltr'>pertineat,</span> <span class='ocrx_word' id='word_1_49' title='bbox 1099 1157 1203 1226; x_wconf 81' lang='lat' dir='ltr'>nullae</span> <span class='ocrx_word' id='word_1_50' title='bbox 1225 1159 1288 1226; x_wconf 81' lang='lat' dir='ltr'>ad·</span> 
     </span>
     <span class='ocr_line' id='line_1_8' title="bbox 268 1280 1287 1364; baseline 0.001 -14"><span class='ocrx_word' id='word_1_51' title='bbox 268 1301 378 1350; x_wconf 83' lang='lat' dir='ltr'>verens</span> <span class='ocrx_word' id='word_1_52' title='bbox 406 1281 635 1364; x_wconf 73' lang='lat' dir='ltr'>delegatamum</span> <span class='ocrx_word' id='word_1_53' title='bbox 662 1280 836 1364; x_wconf 71' lang='lat' dir='ltr'>delegantis</span> <span class='ocrx_word' id='word_1_54' title='bbox 865 1280 1028 1364; x_wconf 81' lang='lat' dir='ltr'>delegatus</span> <span class='ocrx_word' id='word_1_55' title='bbox 1056 1282 1151 1352; x_wconf 78' lang='lat' dir='ltr'>habet</span> <span class='ocrx_word' id='word_1_56' title='bbox 1165 1281 1287 1351; x_wconf 82' lang='lat' dir='ltr'>deten-</span> 
     </span>
     <span class='ocr_line' id='line_1_9' title="bbox 268 1403 1288 1492; baseline 0 -20"><span class='ocrx_word' id='word_1_57' title='bbox 268 1407 384 1490; x_wconf 84' lang='lat' dir='ltr'>siones,</span> <span class='ocrx_word' id='word_1_58' title='bbox 407 1405 462 1472; x_wconf 87' lang='lat' dir='ltr'>eed</span> <span class='ocrx_word' id='word_1_59' title='bbox 484 1425 582 1490; x_wconf 81' lang='lat' dir='ltr'>quam</span> <span class='ocrx_word' id='word_1_60' title='bbox 604 1403 762 1488; x_wconf 71' lang='lat' dir='ltr'>deleganti</span> <span class='ocrx_word' id='word_1_61' title='bbox 776 1403 908 1472; x_wconf 75' lang='lat' dir='ltr'>solvisse</span> <span class='ocrx_word' id='word_1_62' title='bbox 921 1409 1062 1492; x_wconf 84' lang='lat' dir='ltr'>putetur,</span> <span class='ocrx_word' id='word_1_63' title='bbox 1084 1405 1288 1490; x_wconf 72' lang='lat' dir='ltr'>delegantem</span> 
     </span>
     <span class='ocr_line' id='line_1_10' title="bbox 268 1527 1287 1616; baseline 0 -18"><span class='ocrx_word' id='word_1_64' title='bbox 268 1529 436 1598; x_wconf 76' lang='lat' dir='ltr'>eonvenite</span> <span class='ocrx_word' id='word_1_65' title='bbox 458 1532 579 1616; x_wconf 77' lang='lat' dir='ltr'>petest,</span> <span class='ocrx_word' id='word_1_66' title='bbox 607 1533 646 1594; x_wconf 89' lang='lat' dir='ltr'>ut</span> <span class='ocrx_word' id='word_1_67' title='bbox 664 1527 840 1596; x_wconf 86' lang='lat' dir='ltr'>indebitum</span> <span class='ocrx_word' id='word_1_68' title='bbox 862 1528 1025 1611; x_wconf 56' lang='lat' dir='ltr'>restituam</span> <span class='ocrx_word' id='word_1_69' title='bbox 1052 1549 1150 1616; x_wconf 80' lang='lat' dir='ltr'>quum</span> <span class='ocrx_word' id='word_1_70' title='bbox 1171 1551 1287 1598; x_wconf 82' lang='lat' dir='ltr'>ratane</span> 
     </span>
     <span class='ocr_line' id='line_1_11' title="bbox 269 1653 1287 1744; baseline 0.003 -24"><span class='ocrx_word' id='word_1_71' title='bbox 269 1653 309 1720; x_wconf 88' lang='lat' dir='ltr'>ad</span> <span class='ocrx_word' id='word_1_72' title='bbox 331 1653 645 1744; x_wconf 77' lang='lat' dir='ltr'>delegataiiumnen</span> <span class='ocrx_word' id='word_1_73' title='bbox 666 1654 841 1741; x_wconf 86' lang='lat' dir='ltr'>pertineat,</span> <span class='ocrx_word' id='word_1_74' title='bbox 871 1672 951 1740; x_wconf 82' lang='lat' dir='ltr'>qnae</span> <span class='ocrx_word' id='word_1_75' title='bbox 974 1659 1023 1722; x_wconf 84' lang='lat' dir='ltr'>est</span> <span class='ocrx_word' id='word_1_76' title='bbox 1045 1654 1189 1738; x_wconf 85' lang='lat' dir='ltr'>delegate</span> <span class='ocrx_word' id='word_1_77' title='bbox 1211 1673 1287 1723; x_wconf 83' lang='lat' dir='ltr'>enm</span> 
     </span>
     <span class='ocr_line' id='line_1_12' title="bbox 269 1777 1286 1879; baseline 0.003 -34"><span class='ocrx_word' id='word_1_78' title='bbox 269 1777 448 1863; x_wconf 81' lang='lat' dir='ltr'>delegante,</span> <span class='ocrx_word' id='word_1_79' title='bbox 477 1778 576 1863; x_wconf 84' lang='lat' dir='ltr'>ratio,</span> <span class='ocrx_word' id='word_1_80' title='bbox 604 1777 819 1879; x_wconf 75' lang='lat' dir='ltr'>detensiones,</span> <span class='ocrx_word' id='word_1_81' title='bbox 848 1797 926 1864; x_wconf 85' lang='lat' dir='ltr'>quae</span> <span class='ocrx_word' id='word_1_82' title='bbox 948 1777 1110 1862; x_wconf 68' lang='lat' dir='ltr'>delegatam</span> <span class='ocrx_word' id='word_1_83' title='bbox 1133 1779 1286 1848; x_wconf 76' lang='lat' dir='ltr'>adversus</span> 
     </span>
     <span class='ocr_line' id='line_1_13' title="bbox 269 1901 1286 1989; baseline 0.004 -21"><span class='ocrx_word' id='word_1_84' title='bbox 269 1903 467 1986; x_wconf 85' lang='lat' dir='ltr'>delegantem</span> <span class='ocrx_word' id='word_1_85' title='bbox 488 1901 615 1987; x_wconf 85' lang='lat' dir='ltr'>habuit,</span> <span class='ocrx_word' id='word_1_86' title='bbox 638 1903 849 1986; x_wconf 83' lang='lat' dir='ltr'>delegatarine</span> <span class='ocrx_word' id='word_1_87' title='bbox 871 1922 935 1970; x_wconf 88' lang='lat' dir='ltr'>nen</span> <span class='ocrx_word' id='word_1_88' title='bbox 957 1903 1098 1989; x_wconf 89' lang='lat' dir='ltr'>timebit,</span> <span class='ocrx_word' id='word_1_89' title='bbox 1121 1903 1178 1971; x_wconf 83' lang='lat' dir='ltr'>sed</span> <span class='ocrx_word' id='word_1_90' title='bbox 1200 1903 1286 1972; x_wconf 85' lang='lat' dir='ltr'>dele-</span> 
     </span>
     <span class='ocr_line' id='line_1_14' title="bbox 270 2025 1285 2112; baseline 0.005 -21"><span class='ocrx_word' id='word_1_91' title='bbox 270 2027 375 2110; x_wconf 82' lang='lat' dir='ltr'>gantis</span> <span class='ocrx_word' id='word_1_92' title='bbox 398 2026 475 2110; x_wconf 75' lang='lat' dir='ltr'>etit,</span> <span class='ocrx_word' id='word_1_93' title='bbox 498 2043 569 2092; x_wconf 85' lang='lat' dir='ltr'>eum</span> <span class='ocrx_word' id='word_1_94' title='bbox 593 2026 632 2092; x_wconf 86' lang='lat' dir='ltr'>ab</span> <span class='ocrx_word' id='word_1_95' title='bbox 654 2027 744 2112; x_wconf 85' lang='lat' dir='ltr'>ipse,</span> <span class='ocrx_word' id='word_1_96' title='bbox 765 2046 830 2094; x_wconf 89' lang='lat' dir='ltr'>nen</span> <span class='ocrx_word' id='word_1_97' title='bbox 852 2046 871 2092; x_wconf 86' lang='lat' dir='ltr'>a</span> <span class='ocrx_word' id='word_1_98' title='bbox 893 2025 1053 2112; x_wconf 90' lang='lat' dir='ltr'>delegate,</span> <span class='ocrx_word' id='word_1_99' title='bbox 1076 2027 1285 2111; x_wconf 81' lang='lat' dir='ltr'>delegatariue</span> 
     </span>
    </p>
   </div>
   <div class='ocr_carea' id='block_1_3' title="bbox 137 2148 1285 2237">
    <p class='ocr_par' dir='ltr' id='par_1_3' title="bbox 137 2148 1285 2237">
     <span class='ocr_line' id='line_1_15' title="bbox 137 2148 1285 2237; baseline 0.006 -22"><span class='ocrx_word' id='word_1_100' title='bbox 137 2226 140 2231; x_wconf 41' lang='grc'>,</span> <span class='ocrx_word' id='word_1_101' title='bbox 272 2148 411 2216; x_wconf 85' lang='lat' dir='ltr'>solutum</span> <span class='ocrx_word' id='word_1_102' title='bbox 447 2150 605 2236; x_wconf 82' lang='lat' dir='ltr'>aeeepiese</span> <span class='ocrx_word' id='word_1_103' title='bbox 637 2154 783 2237; x_wconf 86' lang='lat' dir='ltr'>putetur,</span> <span class='ocrx_word' id='word_1_104' title='bbox 817 2150 851 2218; x_wconf 91' lang='lat' dir='ltr'>id</span> <span class='ocrx_word' id='word_1_105' title='bbox 878 2150 961 2235; x_wconf 84' lang='lat' dir='ltr'>qued</span> <span class='ocrx_word' id='word_1_106' title='bbox 989 2151 1127 2220; x_wconf 78' lang='lat' dir='ltr'>indebite</span> <span class='ocrx_word' id='word_1_107' title='bbox 1156 2151 1285 2222; x_wconf 74' lang='lat' dir='ltr'>solvisse</span> 
     </span>
    </p>
   </div>
   <div class='ocr_carea' id='block_1_4' title="bbox 243 2273 1283 3980">
    <p class='ocr_par' dir='ltr' id='par_1_4' title="bbox 270 2273 603 2360">
     <span class='ocr_line' id='line_1_16' title="bbox 270 2273 603 2360; baseline -0.006 -18"><span class='ocrx_word' id='word_1_108' title='bbox 270 2274 407 2360; x_wconf 82' lang='lat' dir='ltr'>videtur,</span> <span class='ocrx_word' id='word_1_109' title='bbox 430 2273 603 2342; x_wconf 82' lang='lat' dir='ltr'>eandieere.</span> 
     </span>
    </p>

    <p class='ocr_par' dir='ltr' id='par_1_5' title="bbox 339 2397 1073 2486">
     <span class='ocr_line' id='line_1_17' title="bbox 339 2397 1073 2486; baseline -0.014 -18"><span class='ocrx_word' id='word_1_110' title='bbox 339 2399 438 2468; x_wconf 80' lang='lat' dir='ltr'>Aliud</span> <span class='ocrx_word' id='word_1_111' title='bbox 460 2403 568 2468; x_wconf 85' lang='lat' dir='ltr'>autem</span> <span class='ocrx_word' id='word_1_112' title='bbox 583 2397 659 2486; x_wconf 89' lang='lat' dir='ltr'>quid</span> <span class='ocrx_word' id='word_1_113' title='bbox 673 2399 775 2466; x_wconf 84' lang='lat' dir='ltr'>lentes</span> <span class='ocrx_word' id='word_1_114' title='bbox 790 2398 1000 2468; x_wconf 75' lang='lat' dir='ltr'>eonstitunntz</span> <span class='ocrx_word' id='word_1_115' title='bbox 1071 2448 1073 2458; x_wconf 79' lang='grc'>,</span> 
     </span>
    </p>

    <p class='ocr_par' dir='ltr' id='par_1_6' title="bbox 338 2521 1124 2607">
     <span class='ocr_line' id='line_1_18' title="bbox 338 2521 1124 2607; baseline 0 -17"><span class='ocrx_word' id='word_1_116' title='bbox 338 2523 375 2590; x_wconf 90' lang='lat' dir='ltr'>L.</span> <span class='ocrx_word' id='word_1_117' title='bbox 392 2526 424 2590; x_wconf 80' lang='grc'>2.</span> <span class='ocrx_word' id='word_1_118' title='bbox 438 2521 472 2606; x_wconf 66' lang='grc' dir='ltr'>ξ.</span> <span class='ocrx_word' id='word_1_119' title='bbox 488 2523 511 2588; x_wconf 84' lang='grc'>4</span> <span class='ocrx_word' id='word_1_120' title='bbox 534 2522 602 2607; x_wconf 82' lang='lat'>(39,</span> <span class='ocrx_word' id='word_1_121' title='bbox 617 2523 662 2605; x_wconf 79' lang='lat'>5).</span> <span class='ocrx_word' id='word_1_122' title='bbox 691 2521 840 2594; x_wconf 77' lang='lat' dir='ltr'>Jutmue</span> <span class='ocrx_word' id='word_1_123' title='bbox 860 2521 956 2591; x_wconf 90' lang='lat' dir='ltr'>Libro</span> <span class='ocrx_word' id='word_1_124' title='bbox 971 2521 1027 2590; x_wconf 69' lang='lat' dir='ltr'>lx„</span> <span class='ocrx_word' id='word_1_125' title='bbox 1049 2522 1124 2606; x_wconf 90' lang='lat' dir='ltr'>Dig.</span> 
     </span>
    </p>

    <p class='ocr_par' dir='ltr' id='par_1_7' title="bbox 246 2633 1283 3230">
     <span class='ocr_line' id='line_1_19' title="bbox 321 2633 1282 2736; baseline 0.005 -23"><span class='ocrx_word' id='word_1_126' title='bbox 321 2633 323 2636; x_wconf 60' lang='grc'><strong>’</strong></span> <span class='ocrx_word' id='word_1_127' title='bbox 340 2645 375 2713; x_wconf 88' lang='lat' dir='ltr'>Si</span> <span class='ocrx_word' id='word_1_128' title='bbox 390 2647 430 2731; x_wconf 86' lang='lat' dir='ltr'>ei,</span> <span class='ocrx_word' id='word_1_129' title='bbox 447 2665 541 2732; x_wconf 83' lang='lat' dir='ltr'>quem</span> <span class='ocrx_word' id='word_1_130' title='bbox 552 2646 739 2714; x_wconf 86' lang='lat' dir='ltr'>erediterem</span> <span class='ocrx_word' id='word_1_131' title='bbox 753 2651 848 2714; x_wconf 84' lang='lat' dir='ltr'>tunm</span> <span class='ocrx_word' id='word_1_132' title='bbox 859 2647 1004 2733; x_wconf 83' lang='lat' dir='ltr'>putabas,</span> <span class='ocrx_word' id='word_1_133' title='bbox 1016 2646 1105 2732; x_wconf 81' lang='lat' dir='ltr'>jesse</span> <span class='ocrx_word' id='word_1_134' title='bbox 1120 2651 1175 2716; x_wconf 85' lang='lat' dir='ltr'>tae</span> <span class='ocrx_word' id='word_1_135' title='bbox 1188 2667 1282 2736; x_wconf 85' lang='lat' dir='ltr'>peen-</span> 
     </span>
     <span class='ocr_line' id='line_1_20' title="bbox 246 2770 1281 2861; baseline 0.004 -23"><span class='ocrx_word' id='word_1_136' title='bbox 246 2817 249 2822; x_wconf 87' lang='lat'>-</span> <span class='ocrx_word' id='word_1_137' title='bbox 271 2771 369 2856; x_wconf 80' lang='lat' dir='ltr'>niem,</span> <span class='ocrx_word' id='word_1_138' title='bbox 384 2791 479 2856; x_wconf 80' lang='lat' dir='ltr'>qnam</span> <span class='ocrx_word' id='word_1_139' title='bbox 500 2791 553 2838; x_wconf 86' lang='lat' dir='ltr'>me</span> <span class='ocrx_word' id='word_1_140' title='bbox 567 2771 626 2838; x_wconf 87' lang='lat' dir='ltr'>tibi</span> <span class='ocrx_word' id='word_1_141' title='bbox 642 2770 755 2838; x_wconf 89' lang='lat' dir='ltr'>debere</span> <span class='ocrx_word' id='word_1_142' title='bbox 770 2771 1002 2857; x_wconf 75' lang='lat' dir='ltr'>existimabam,</span> <span class='ocrx_word' id='word_1_143' title='bbox 1021 2772 1208 2859; x_wconf 77' lang='lat' dir='ltr'>preminere,</span> <span class='ocrx_word' id='word_1_144' title='bbox 1229 2793 1281 2861; x_wconf 94' lang='lat' dir='ltr'>pe·</span> 
     </span>
     <span class='ocr_line' id='line_1_21' title="bbox 272 2896 1283 2984; baseline 0.001 -21"><span class='ocrx_word' id='word_1_145' title='bbox 272 2900 391 2964; x_wconf 88' lang='lat' dir='ltr'>tentem</span> <span class='ocrx_word' id='word_1_146' title='bbox 406 2899 471 2964; x_wconf 80' lang='lat' dir='ltr'>deli</span> <span class='ocrx_word' id='word_1_147' title='bbox 480 2899 558 2966; x_wconf 70' lang='lat' dir='ltr'>mall</span> <span class='ocrx_word' id='word_1_148' title='bbox 568 2899 745 2984; x_wconf 64' lang='lat' dir='ltr'>exceptione</span> <span class='ocrx_word' id='word_1_149' title='bbox 754 2899 965 2983; x_wconf 69' lang='lat' dir='ltr'>admovebo,</span> <span class='ocrx_word' id='word_1_150' title='bbox 979 2900 1016 2964; x_wconf 86' lang='lat' dir='ltr'>et</span> <span class='ocrx_word' id='word_1_151' title='bbox 1030 2896 1166 2984; x_wconf 80' lang='lat' dir='ltr'>amplius</span> <span class='ocrx_word' id='word_1_152' title='bbox 1174 2897 1283 2966; x_wconf 77' lang='lat' dir='ltr'>incerti</span> 
     </span>
     <span class='ocr_line' id='line_1_22' title="bbox 273 3020 1283 3110; baseline 0.005 -24"><span class='ocrx_word' id='word_1_153' title='bbox 273 3020 393 3103; x_wconf 86' lang='lat' dir='ltr'>egendo</span> <span class='ocrx_word' id='word_1_154' title='bbox 423 3040 495 3098; x_wconf 84' lang='lat' dir='ltr'>enm</span> <span class='ocrx_word' id='word_1_155' title='bbox 526 3020 713 3108; x_wconf 78' lang='lat' dir='ltr'>stipulatere</span> <span class='ocrx_word' id='word_1_156' title='bbox 734 3039 925 3106; x_wconf 77' lang='lat' dir='ltr'>consequar,</span> <span class='ocrx_word' id='word_1_157' title='bbox 953 3025 990 3086; x_wconf 88' lang='lat' dir='ltr'>ut</span> <span class='ocrx_word' id='word_1_158' title='bbox 1020 3021 1098 3088; x_wconf 89' lang='lat' dir='ltr'>mihi</span> <span class='ocrx_word' id='word_1_159' title='bbox 1125 3027 1283 3110; x_wconf 81' lang='lat' dir='ltr'>aeceptem</span> 
     </span>
     <span class='ocr_line' id='line_1_23' title="bbox 272 3142 636 3230; baseline 0.008 -23"><span class='ocrx_word' id='word_1_160' title='bbox 272 3143 368 3212; x_wconf 79' lang='lat' dir='ltr'>faeiat</span> <span class='ocrx_word' id='word_1_161' title='bbox 390 3142 636 3230; x_wconf 82' lang='lat' dir='ltr'>stipulationem.</span> 
     </span>
    </p>

    <p class='ocr_par' dir='ltr' id='par_1_8' title="bbox 340 3263 1244 3354">
     <span class='ocr_line' id='line_1_24' title="bbox 340 3263 1244 3354; baseline 0.007 -22"><span class='ocrx_word' id='word_1_162' title='bbox 340 3265 377 3332; x_wconf 89' lang='lat' dir='ltr'>L.</span> <span class='ocrx_word' id='word_1_163' title='bbox 395 3267 425 3332; x_wconf 78' lang='lat'>7.</span> <span class='ocrx_word' id='word_1_164' title='bbox 449 3264 514 3349; x_wconf 77' lang='lat'>§.1</span> <span class='ocrx_word' id='word_1_165' title='bbox 540 3266 653 3352; x_wconf 84' lang='lat'>(44,4).</span> <span class='ocrx_word' id='word_1_166' title='bbox 688 3263 842 3354; x_wconf 85' lang='lat' dir='ltr'>Ulpianus</span> <span class='ocrx_word' id='word_1_167' title='bbox 858 3265 954 3336; x_wconf 81' lang='lat' dir='ltr'>Libro</span> <span class='ocrx_word' id='word_1_168' title='bbox 969 3267 1102 3338; x_wconf 83' lang='lat' dir='ltr'><strong>LXXVI</strong></span> <span class='ocrx_word' id='word_1_169' title='bbox 1124 3269 1164 3338; x_wconf 82' lang='lat' dir='ltr'>ad</span> <span class='ocrx_word' id='word_1_170' title='bbox 1186 3270 1244 3338; x_wconf 87' lang='lat' dir='ltr'>Ed.</span> 
     </span>
    </p>

    <p class='ocr_par' dir='ltr' id='par_1_9' title="bbox 243 3389 1282 3980">
     <span class='ocr_line' id='line_1_25' title="bbox 344 3389 1282 3482; baseline 0.004 -24"><span class='ocrx_word' id='word_1_171' title='bbox 344 3389 510 3477; x_wconf 79' lang='lat' dir='ltr'>„Julianus</span> <span class='ocrx_word' id='word_1_172' title='bbox 543 3390 606 3476; x_wconf 84' lang='lat' dir='ltr'>eit,</span> <span class='ocrx_word' id='word_1_173' title='bbox 639 3391 668 3456; x_wconf 85' lang='lat' dir='ltr'>si</span> <span class='ocrx_word' id='word_1_174' title='bbox 696 3391 743 3476; x_wconf 87' lang='lat' dir='ltr'>ei,</span> <span class='ocrx_word' id='word_1_175' title='bbox 775 3411 869 3476; x_wconf 90' lang='lat' dir='ltr'>quem</span> <span class='ocrx_word' id='word_1_176' title='bbox 887 3394 1083 3462; x_wconf 51' lang='lat' dir='ltr'>¹ereditatem</span> <span class='ocrx_word' id='word_1_177' title='bbox 1110 3397 1201 3464; x_wconf 75' lang='lat' dir='ltr'>tuin</span> <span class='ocrx_word' id='word_1_178' title='bbox 1228 3415 1282 3482; x_wconf 86' lang='lat' dir='ltr'>pu·</span> 
     </span>
     <span class='ocr_line' id='line_1_26' title="bbox 274 3515 1282 3603; baseline 0.003 -19"><span class='ocrx_word' id='word_1_179' title='bbox 274 3515 383 3602; x_wconf 71' lang='lat' dir='ltr'>tabae,</span> <span class='ocrx_word' id='word_1_180' title='bbox 406 3515 499 3600; x_wconf 79' lang='lat' dir='ltr'>jussu</span> <span class='ocrx_word' id='word_1_181' title='bbox 528 3519 582 3583; x_wconf 88' lang='lat' dir='ltr'>tue</span> <span class='ocrx_word' id='word_1_182' title='bbox 610 3516 793 3603; x_wconf 81' lang='lat' dir='ltr'>poemiam,</span> <span class='ocrx_word' id='word_1_183' title='bbox 822 3536 917 3602; x_wconf 84' lang='lat' dir='ltr'>quem</span> <span class='ocrx_word' id='word_1_184' title='bbox 942 3538 994 3586; x_wconf 90' lang='lat' dir='ltr'>me</span> <span class='ocrx_word' id='word_1_185' title='bbox 1015 3517 1075 3588; x_wconf 73' lang='lat' dir='ltr'>aei</span> <span class='ocrx_word' id='word_1_186' title='bbox 1097 3519 1211 3587; x_wconf 86' lang='lat' dir='ltr'>dehere</span> <span class='ocrx_word' id='word_1_187' title='bbox 1232 3539 1282 3587; x_wconf 84' lang='lat' dir='ltr'>ex·</span> 
     </span>
     <span class='ocr_line' id='line_1_27' title="bbox 273 3641 1282 3736; baseline 0.004 -30"><span class='ocrx_word' id='word_1_188' title='bbox 273 3641 482 3736; x_wconf 79' lang='lat' dir='ltr'>istimabam,</span> <span class='ocrx_word' id='word_1_189' title='bbox 502 3641 695 3729; x_wconf 83' lang='lat' dir='ltr'>promisere,</span> <span class='ocrx_word' id='word_1_190' title='bbox 722 3645 881 3728; x_wconf 85' lang='lat' dir='ltr'>petentem</span> <span class='ocrx_word' id='word_1_191' title='bbox 910 3642 975 3711; x_wconf 89' lang='lat' dir='ltr'>deli</span> <span class='ocrx_word' id='word_1_192' title='bbox 1001 3642 1078 3710; x_wconf 89' lang='lat' dir='ltr'>mali</span> <span class='ocrx_word' id='word_1_193' title='bbox 1104 3645 1282 3731; x_wconf 76' lang='lat' dir='ltr'>exceptione</span> 
     </span>
     <span class='ocr_line' id='line_1_28' title="bbox 276 3765 1281 3864; baseline 0.001 -30"><span class='ocrx_word' id='word_1_194' title='bbox 276 3766 468 3834; x_wconf 83' lang='lat' dir='ltr'>summoveri</span> <span class='ocrx_word' id='word_1_195' title='bbox 490 3765 622 3852; x_wconf 88' lang='lat' dir='ltr'>debere,</span> <span class='ocrx_word' id='word_1_196' title='bbox 652 3770 684 3832; x_wconf 85' lang='lat' dir='ltr'>et</span> <span class='ocrx_word' id='word_1_197' title='bbox 707 3765 842 3853; x_wconf 85' lang='lat' dir='ltr'>amplius</span> <span class='ocrx_word' id='word_1_198' title='bbox 865 3768 985 3851; x_wconf 87' lang='lat' dir='ltr'>agendo</span> <span class='ocrx_word' id='word_1_199' title='bbox 1008 3770 1086 3835; x_wconf 86' lang='lat' dir='ltr'>eum&#39;</span> <span class='ocrx_word' id='word_1_200' title='bbox 1103 3767 1281 3864; x_wconf 72' lang='lat' dir='ltr'>stipalatore</span> 
     </span>
     <span class='ocr_line' id='line_1_29' title="bbox 243 3889 1282 3980; baseline 0.003 -23"><span class='ocrx_word' id='word_1_201' title='bbox 243 3909 258 3926; x_wconf 66' lang='lat'>²</span> <span class='ocrx_word' id='word_1_202' title='bbox 275 3909 466 3978; x_wconf 77' lang='lat' dir='ltr'>consequar,</span> <span class='ocrx_word' id='word_1_203' title='bbox 496 3895 531 3958; x_wconf 87' lang='lat' dir='ltr'>ut</span> <span class='ocrx_word' id='word_1_204' title='bbox 560 3890 638 3958; x_wconf 84' lang='lat' dir='ltr'>mihi</span> <span class='ocrx_word' id='word_1_205' title='bbox 664 3895 827 3979; x_wconf 84' lang='lat' dir='ltr'>aaeeptam</span> <span class='ocrx_word' id='word_1_206' title='bbox 854 3893 949 3961; x_wconf 82' lang='lat' dir='ltr'>faeiat</span> <span class='ocrx_word' id='word_1_207' title='bbox 981 3889 1231 3980; x_wconf 67' lang='lat' dir='ltr'>stipulationem</span> <span class='ocrx_word' id='word_1_208' title='bbox 1257 3903 1282 3960; x_wconf 77' lang='lat' dir='ltr'>et</span> 
     </span>
    </p>
   </div>
   <div class='ocr_carea' id='block_1_5' title="bbox 0 0 1430 4772">
    <p class='ocr_par' dir='ltr' id='par_1_10' title="bbox 0 0 1430 4772">
     <span class='ocr_line' id='line_1_30' title="bbox 0 0 1430 4772; baseline 0 0"><span class='ocrx_word' id='word_1_209' title='bbox 0 0 1430 4772; x_wconf 95' lang='lat' dir='ltr'> </span> 
     </span>
    </p>
   </div>
  </div>
 </body>
</html>
