2852 4780
576 379 736 484 ..Q

149 555 243 615 PARS
261 553 408 615 TERTIA.
434 554 481 612 Ad
498 571 631 627 quosnam
648 556 717 612 alies
734 571 815 612 nesus
836 561 985 629 praesepta
1002 573 1082 616 nesus
1101 574 1162 616 ner·

362 664 441 720 melis
460 661 615 720 adhibenda
632 663 695 743 sint.

186 772 248 836 5.1.
272 770 310 826 A.
332 771 434 827 Eorum
453 784 574 840 ossuum,
592 769 621 825 in
639 767 737 839 qusstus
755 770 861 841 eedem,
880 775 963 841 etque
980 771 1008 826 in
1023 787 1162 828 essenor-

333 877 405 948 meli,
422 877 492 934 ratio
510 877 593 947 valet,
612 879 784 945 eonspeetus.
808 891 836 946 p.
849 876 893 933 68.

273 982 309 1036 Β.
332 982 421 1054 Hujus
438 982 551 1038 rationis
569 981 772 1050 eonsequentin.

185 1092 209 1152 5.
222 1089 249 1144 2.
285 1088 307 1142 I.
330 1087 415 1160 Cujus
433 1088 470 1144 sit
485 1087 636 1158 perieulum
653 1086 771 1142 nominis
789 1085 916 1157 delegati
938 1103 966 1158 p.
980 1088 1023 1144 75.

185 1198 209 1258 5.
222 1195 248 1250 3.
269 1194 303 1250 IL
326 1194 369 1251 De
387 1194 561 1267 stipulatione
578 1191 649 1250 inter
665 1192 863 1264 delegetenium
881 1199 910 1250 et
927 1192 1084 1264 delegatum
1097 1208 1165 1249 eon--

329 1305 426 1356 naen.
595 1363 599 1372 .

309 1406 334 1461 1.
357 1405 534 1462 Introductis.
557 1422 585 1474 p.
598 1405 641 1460 85.

184 1512 208 1572 5.
221 1509 248 1564 4.
310 1512 336 1567 2.
359 1510 402 1565 De
419 1511 453 1564 iis
471 1509 588 1579 nuilus,
606 1510 635 1564 in
653 1509 751 1579 quibus
769 1508 906 1579 delegatio
924 1509 960 1566 ab
978 1510 1064 1566 altera
1083 1515 1162 1581 parte

361 1613 493 1685 solvendi,
505 1615 541 1670 ab
553 1614 639 1669 altere
649 1617 728 1684 parte
744 1613 863 1669 donandi
875 1630 967 1686 eausa,
980 1631 1029 1671 seu
1041 1615 1076 1672 eb
1087 1620 1161 1671 utre

362 1735 416 1789 que
432 1725 511 1790 pente
529 1718 649 1780 domnii
667 1735 752 1776 eausa
768 1718 808 1778 it.
833 1737 860 1791 p.
872 1722 916 1776 86.

184 1827 207 1890 5.
220 1824 246 1881 5.
311 1825 337 1880 3.
360 1824 451 1882 Ceteri
469 1842 558 1882 nesus.
581 1843 609 1898 p.
622 1828 665 1883 97.

184 1933 208 1994 5.
221 1931 246 1986 6.
271 1930 314 1987 De
331 1932 513 2002 stipulationis
531 1933 609 1988 inter'
620 1932 815 2003 delegatarium
834 1937 862 1988 et
880 1931 1035 2002 delegatum
1054 1926 1159 1989 eontra·

271 2041 332 2094 ene
350 2038 535 2108 conceptione.
558 2054 586 2107 p.
599 2039 660 2094 103.

184 2143 208 2205 5.
216 2142 242 2198 i.
258 2143 306 2200 111.
326 2143 465 2210 Quaenam
484 2145 539 2200 sint
552 2143 672 2200 rationes
684 2143 756 2199 inter
766 2143 939 2214 delegantem
950 2143 1159 2214 delegatnium·

323 2265 378 2320 que
395 2255 424 2305 et
441 2251 512 2306 inter
529 2249 687 2320 delegatum
705 2224 941 2320 delegentemque.
964 2264 993 2319 p.
1007 2250 1067 2306 106.
1146 2262 1148 2266 ·

182 2354 206 2417 5.
220 2353 246 2408 8.
271 2354 300 2410 0.
321 2354 442 2411 Summe.
465 2370 493 2425 p.
507 2356 568 2412 117.
