2834 4780
710 497 864 510 -—-——-

349 585 474 676 Dubius
501 584 586 654 solus
613 584 668 653 ille
695 605 787 656 ossus
810 591 875 670 est,
902 585 938 652 in
960 605 1022 672 qno
1046 585 1137 674 quasi
1159 585 1325 654 debitrix

167 780 172 788 ,
284 711 427 796 delegata
441 715 500 797 est,
518 715 647 797 eratque
667 731 732 778 non
753 709 890 778 debitrix
911 716 1043 798 propter
1056 713 1322 798 prestolantem

282 836 538 904 intercessionem
553 835 638 922 apud
652 835 849 920 delegantem
863 835 989 902 faotam.
1023 833 1182 923 dubanus,
1199 857 1321 922 quum

282 964 373 1048 putet
394 960 429 1028 in
443 969 533 1028 'nova
555 959 757 1047 stipulatione
778 979 893 1028 noram
909 960 1014 1029 inesse
1027 960 1318 1048 intercessionem,

283 1084 500 1172 exeeptionem
521 1083 648 1152 mulieri
670 1083 822 1152 oonoedit.

282 1205 319 1274 L·
336 1210 367 1277 a.
383 1207 413 1294 a
430 1210 462 1276 2.
479 1208 546 1293 oo,
564 1209 607 1291 ι).
632 1205 731 1294 mn>

329 1331 386 1417 „Si
412 1331 528 1398 mulier
555 1332 640 1418 apud
661 1330 804 1398 Primum
831 1351 890 1419 pro
914 1330 1057 1400 Seonndo
1079 1333 1311 1418 intervenerit,

327 1475 403 1523 mox
424 1477 483 1542 pro
505 1454 612 1522 Primo
636 1456 720 1542 apud
741 1455 930 1524 oreditorem
951 1457 1030 1543 ejus,
1052 1457 1131 1524 dues
1145 1458 1311 1526 interoes-

327 1581 430 1648 sionss
464 1580 564 1646 laetas
590 1578 737 1648 Julianus
771 1581 897 1666 soribit,
930 1601 1026 1648 unum
1058 1602 1117 1669 pro
1152 1581 1307 1648 &eundo

327 1704 412 1791 apud
444 1702 604 1790 Primum,
637 1703 732 1770 aliam
763 1725 821 1791 pro
849 1703 956 1772 Primo
989 1705 1074 1793 apud
1108 1706 1305 1774 oreditorem

326 1828 410 1913 ejus,
438 1833 470 1896 et
491 1828 562 1897 ideo
586 1833 618 1896 et
638 1827 746 1896 Primo
768 1830 895 1898 restitui
917 1829 1157 1916 obligationem,
1184 1835 1218 1898 et
1240 1831 1304 1898 ad-

325 1973 436 2020 versus
458 1948 562 2020 eum.“
929 2030 932 2035 Ι

296 2109 299 2116 -
369 2077 511 2146 Eandem
535 2077 724 2144 sententiam
745 2077 862 2148 Paulus
885 2079 1043 2165 nequitum

167 2236 170 2244 s
281 2199 318 2268 L.
328 2203 379 2270 19.
397 2201 464 2286 (46,
471 2201 521 2284 tl:
538 2201 634 2286 ,etin
648 2201 786 2270 oeouuda
798 2202 1006 2289 promissione
1017 2203 1201 2273 interoessio
1213 2201 1297 2271 est.“

369 2325 538 2413 Impugnet
565 2345 635 2394 eom
662 2325 847 2413 Marcellus,
878 2331 915 2394 ut
941 2334 1052 2396 narrat
1077 2327 1232 2416 Ulpianus
1261 2330 1298 2398 in

282 2451 391 2519 eadem
413 2451 483 2535 lege
498 2453 530 2518 8.
553 2448 631 2534 Μ.
655 2452 723 2538 (16,
741 2453 789 2536 liz

328 2573 520 2660 „Mareellns
548 2580 654 2642 eutem
682 2581 789 2661 notat,
816 2597 885 2645 esse
912 2575 1295 2666 aliquamditierentiem,

324 2703 432 2766 utrum
459 2698 518 2766 hoo
546 2703 674 2783 egatrtr,
707 2703 745 2766 ut
771 2701 811 2768 ab
838 2701 929 2768 initio
958 2703 1074 2770 mulier
1099 2704 1143 2770 inv
1163 2702 1294 2770 alterius

211 2819 212 2822 ’
324 2823 428 2892 boum
454 2823 625 2909 subdatur,
651 2829 684 2890 et
705 2844 784 2892 onus
806 2825 973 2912 debitoris,
1001 2847 1104 2912 aquo
1126 2827 1293 2910 obligatio-

324 2971 398 3018 nem
412 2949 583 3016 transferre
596 2948 734 3016 oreditor
749 2947 860 3036 voluit,
881 2950 1042 3037 suscipiat,
1057 2971 1098 3018 an
1112 2971 1187 3018 vero
1203 2952 1293 3038 qnasi

324 3074 463 3142 debitrix
484 3073 661 3156 delegatum
684 3073 805 3143 soilioet
826 3079 873 3160 ut,
897 3076 925 3142 si
947 3075 1037 3161 quasi
1055 3076 1192 3144 debitrix
1208 3075 1291 3142 dele-

325 3201 398 3280 gate
428 3201 494 3282 est,
526 3199 742 3284 exeeptionem
771 3201 800 3268 ei
830 3199 1099 3268 Senatusoonsulti
1125 3199 1291 3267 Memellus

324 3341 387 3389 non
409 3321 510 3406 daret,
533 3321 588 3388 sed
611 3323 817 3388 oondemnata
833 3323 884 3398 vel
907 3329 979 3390 ante
1002 3325 1290 3392 condemnationem

324 3443 487 3527 oondioere
512 3446 622 3531 ntique
644 3446 690 3531 ei,
718 3465 821 3532 aquo
844 3447 1075 3535 delegataest,
1102 3449 1220 3534 poterit
1240 3447 1290 3514 vel

324 3570 408 3656 qnod
431 3570 460 3636 ei
475 3569 581 3655 wabest,
604 3570 664 3655 rel,
688 3569 877 3654 sinendum
899 3573 998 3658 abest,
1020 3569 1268 3642 liberationem.“

253 3753 254 3756 ,
360 3692 539 3780 Ulpianum
560 3692 701 3762 Mareelli
724 3696 912 3763 sententiam
934 3699 1033 3784 sequi,
1057 3703 1089 3764 et
1112 3719 1151 3764 en
1174 3717 1210 3764 eo
1234 3717 1288 3783 ap·

278 3822 386 3905 paret,
409 3818 509 3904 qnod,
531 3817 624 3902 hujus
646 3820 835 3887 sententiam
857 3841 929 3888 oum
950 3821 1071 3888 loliani
1093 3839 1287 3909 oomperans,

278 3943 493 4028 eopiosissime
506 3943 557 4012 ,de
578 3963 616 4012 ea
637 3943 775 4030 dissent,
798 3949 830 4012 et
850 3966 891 4014 ex
913 3965 962 4032 eo,
985 3947 1069 4034 quod
1081 3945 1203 4014 iuliani
1218 3947 1288 4014 ent
