<?xml version="1.0" encoding="UTF-8"?>
<!DOCTYPE html PUBLIC "-//W3C//DTD XHTML 1.0 Transitional//EN"
    "http://www.w3.org/TR/xhtml1/DTD/xhtml1-transitional.dtd">
<html xmlns="http://www.w3.org/1999/xhtml" xml:lang="en" lang="en">
 <head>
  <title>
</title>
<meta http-equiv="Content-Type" content="text/html;charset=utf-8" />
  <meta name='ocr-system' content='tesseract 3.04.00' />
  <meta name='ocr-capabilities' content='ocr_page ocr_carea ocr_par ocr_line ocrx_word'/>
</head>
<body>
  <div class='ocr_page' id='page_1' title='image "./dedelegationisn00berngoog_0109.png"; bbox 0 0 2852 4780; ppageno 0'>
   <div class='ocr_carea' id='block_1_1' title="bbox 688 429 848 528">
    <p class='ocr_par' dir='ltr' id='par_1_1' title="bbox 688 429 848 528">
     <span class='ocr_line' id='line_1_1' title="bbox 688 429 848 528; baseline 0 -35"><span class='ocrx_word' id='word_1_1' title='bbox 688 429 848 528; x_wconf 59' lang='lat' dir='ltr'>„Q</span> 
     </span>
    </p>
   </div>
   <div class='ocr_carea' id='block_1_2' title="bbox 259 603 1290 1813">
    <p class='ocr_par' dir='ltr' id='par_1_2' title="bbox 260 603 1290 1439">
     <span class='ocr_line' id='line_1_2' title="bbox 261 603 1290 694; baseline -0.002 -18"><span class='ocrx_word' id='word_1_2' title='bbox 261 605 290 694; x_wconf 73' lang='lat'>§.</span> <span class='ocrx_word' id='word_1_3' title='bbox 313 609 408 690; x_wconf 73' lang='lat'><strong>575).</strong></span> <span class='ocrx_word' id='word_1_4' title='bbox 452 605 645 675; x_wconf 87' lang='lat' dir='ltr'>Sumendum</span> <span class='ocrx_word' id='word_1_5' title='bbox 668 608 853 691; x_wconf 77' lang='lat' dir='ltr'>igiturest,</span> <span class='ocrx_word' id='word_1_6' title='bbox 875 604 962 672; x_wconf 82' lang='lat' dir='ltr'>illius</span> <span class='ocrx_word' id='word_1_7' title='bbox 984 603 1210 689; x_wconf 78' lang='lat' dir='ltr'>looiregnlam</span> <span class='ocrx_word' id='word_1_8' title='bbox 1235 625 1290 674; x_wconf 84' lang='lat' dir='ltr'>ex</span> 
     </span>
     <span class='ocr_line' id='line_1_3' title="bbox 261 729 1288 818; baseline -0.002 -18"><span class='ocrx_word' id='word_1_9' title='bbox 261 733 419 818; x_wconf 86' lang='lat' dir='ltr'>aequitate</span> <span class='ocrx_word' id='word_1_10' title='bbox 439 732 613 818; x_wconf 83' lang='lat' dir='ltr'>profeotam</span> <span class='ocrx_word' id='word_1_11' title='bbox 636 751 721 817; x_wconf 86' lang='lat' dir='ltr'>esse,</span> <span class='ocrx_word' id='word_1_12' title='bbox 750 749 831 817; x_wconf 87' lang='lat' dir='ltr'>quae</span> <span class='ocrx_word' id='word_1_13' title='bbox 857 729 886 796; x_wconf 91' lang='lat' dir='ltr'>si</span> <span class='ocrx_word' id='word_1_14' title='bbox 906 747 1069 816; x_wconf 88' lang='lat' dir='ltr'>nunquam</span> <span class='ocrx_word' id='word_1_15' title='bbox 1090 731 1125 796; x_wconf 94' lang='lat' dir='ltr'>in</span> <span class='ocrx_word' id='word_1_16' title='bbox 1148 735 1288 798; x_wconf 67' lang='lat' dir='ltr'>conuo-</span> 
     </span>
     <span class='ocr_line' id='line_1_4' title="bbox 260 854 1287 942; baseline -0.004 -18"><span class='ocrx_word' id='word_1_17' title='bbox 260 858 397 924; x_wconf 85' lang='lat' dir='ltr'>versiam</span> <span class='ocrx_word' id='word_1_18' title='bbox 417 861 529 926; x_wconf 82' lang='lat' dir='ltr'>vooata</span> <span class='ocrx_word' id='word_1_19' title='bbox 550 861 648 942; x_wconf 87' lang='lat' dir='ltr'>esset,</span> <span class='ocrx_word' id='word_1_20' title='bbox 671 856 873 924; x_wconf 81' lang='lat' dir='ltr'>uehementer</span> <span class='ocrx_word' id='word_1_21' title='bbox 893 855 1075 922; x_wconf 87' lang='lat' dir='ltr'>mirandum</span> <span class='ocrx_word' id='word_1_22' title='bbox 1096 859 1191 922; x_wconf 88' lang='lat' dir='ltr'>esset.</span> <span class='ocrx_word' id='word_1_23' title='bbox 1233 854 1287 920; x_wconf 86' lang='lat' dir='ltr'>Et</span> 
     </span>
     <span class='ocr_line' id='line_1_5' title="bbox 260 959 1285 1066; baseline -0.002 -20"><span class='ocrx_word' id='word_1_24' title='bbox 260 959 437 1048; x_wconf 82' lang='lat' dir='ltr'>invenimus</span> <span class='ocrx_word' id='word_1_25' title='bbox 464 981 498 1046; x_wconf 93' lang='lat' dir='ltr'>in</span> <span class='ocrx_word' id='word_1_26' title='bbox 524 980 594 1066; x_wconf 80' lang='lat' dir='ltr'>lege</span> <span class='ocrx_word' id='word_1_27' title='bbox 616 981 670 1048; x_wconf 88' lang='grc'>84.</span> <span class='ocrx_word' id='word_1_28' title='bbox 693 979 761 1065; x_wconf 75' lang='grc'>(23,</span> <span class='ocrx_word' id='word_1_29' title='bbox 784 979 829 1062; x_wconf 83' lang='grc'>3).</span> <span class='ocrx_word' id='word_1_30' title='bbox 866 977 1044 1046; x_wconf 75' lang='lat' dir='ltr'>Labeonem</span> <span class='ocrx_word' id='word_1_31' title='bbox 1071 978 1218 1046; x_wconf 86' lang='lat' dir='ltr'>omnibus</span> <span class='ocrx_word' id='word_1_32' title='bbox 1242 978 1285 1044; x_wconf 87' lang='lat' dir='ltr'>in</span> 
     </span>
     <span class='ocr_line' id='line_1_6' title="bbox 260 1101 1282 1192; baseline -0.005 -19"><span class='ocrx_word' id='word_1_33' title='bbox 260 1104 365 1173; x_wconf 88' lang='lat' dir='ltr'>dotem</span> <span class='ocrx_word' id='word_1_34' title='bbox 388 1103 541 1189; x_wconf 77' lang='lat' dir='ltr'>delegatis</span> <span class='ocrx_word' id='word_1_35' title='bbox 562 1105 779 1192; x_wconf 86' lang='lat' dir='ltr'>exeeptionem</span> <span class='ocrx_word' id='word_1_36' title='bbox 806 1101 1035 1191; x_wconf 72' lang='lat' dir='ltr'>competentiae</span> <span class='ocrx_word' id='word_1_37' title='bbox 1057 1101 1282 1188; x_wconf 77' lang='lat' dir='ltr'>denegavisse,</span> 
     </span>
     <span class='ocr_line' id='line_1_7' title="bbox 260 1227 1280 1314; baseline -0.002 -18"><span class='ocrx_word' id='word_1_38' title='bbox 260 1231 312 1296; x_wconf 86' lang='lat' dir='ltr'>oui</span> <span class='ocrx_word' id='word_1_39' title='bbox 345 1228 501 1299; x_wconf 74' lang='lat' dir='ltr'>Labeonis</span> <span class='ocrx_word' id='word_1_40' title='bbox 540 1228 731 1313; x_wconf 82' lang='lat' dir='ltr'>sententiae,</span> <span class='ocrx_word' id='word_1_41' title='bbox 768 1227 871 1313; x_wconf 88' lang='lat' dir='ltr'>quoad</span> <span class='ocrx_word' id='word_1_42' title='bbox 908 1247 1061 1314; x_wconf 88' lang='lat' dir='ltr'>personas</span> <span class='ocrx_word' id='word_1_43' title='bbox 1095 1231 1280 1310; x_wconf 56' lang='lat' dir='ltr'>extraneam</span> 
     </span>
     <span class='ocr_line' id='line_1_8' title="bbox 261 1351 724 1439; baseline -0.009 -19"><span class='ocrx_word' id='word_1_44' title='bbox 261 1355 357 1420; x_wconf 85' lang='lat' dir='ltr'>etiam</span> <span class='ocrx_word' id='word_1_45' title='bbox 378 1351 496 1420; x_wconf 87' lang='lat' dir='ltr'>Paulus</span> <span class='ocrx_word' id='word_1_46' title='bbox 519 1371 553 1420; x_wconf 92' lang='lat' dir='ltr'>se</span> <span class='ocrx_word' id='word_1_47' title='bbox 574 1351 724 1439; x_wconf 87' lang='lat' dir='ltr'>applioat.</span> 
     </span>
    </p>

    <p class='ocr_par' dir='ltr' id='par_1_3' title="bbox 259 1472 1280 1813">
     <span class='ocr_line' id='line_1_9' title="bbox 349 1472 1280 1562; baseline -0.003 -20"><span class='ocrx_word' id='word_1_48' title='bbox 349 1474 386 1542; x_wconf 87' lang='lat' dir='ltr'>L.</span> <span class='ocrx_word' id='word_1_49' title='bbox 410 1477 464 1543; x_wconf 85' lang='grc'>84.</span> <span class='ocrx_word' id='word_1_50' title='bbox 493 1476 532 1542; x_wconf 85' lang='lat' dir='ltr'>de</span> <span class='ocrx_word' id='word_1_51' title='bbox 559 1479 642 1562; x_wconf 88' lang='lat' dir='ltr'>paet.</span> <span class='ocrx_word' id='word_1_52' title='bbox 671 1474 768 1542; x_wconf 84' lang='lat' dir='ltr'>dotal.</span> <span class='ocrx_word' id='word_1_53' title='bbox 794 1474 869 1560; x_wconf 78' lang='lat'><strong>(23,</strong></span> <span class='ocrx_word' id='word_1_54' title='bbox 892 1476 943 1558; x_wconf 79' lang='lat'>3).</span> <span class='ocrx_word' id='word_1_55' title='bbox 988 1473 1094 1542; x_wconf 87' lang='lat' dir='ltr'>Labeo</span> <span class='ocrx_word' id='word_1_56' title='bbox 1116 1473 1198 1541; x_wconf 80' lang='lat' dir='ltr'>libro</span> <span class='ocrx_word' id='word_1_57' title='bbox 1220 1472 1280 1539; x_wconf 83' lang='lat' dir='ltr'>VI.</span> 
     </span>
     <span class='ocr_line' id='line_1_10' title="bbox 259 1597 1280 1686; baseline -0.003 -20"><span class='ocrx_word' id='word_1_58' title='bbox 259 1599 415 1666; x_wconf 89' lang='lat' dir='ltr'>Pithanon</span> <span class='ocrx_word' id='word_1_59' title='bbox 437 1597 570 1666; x_wconf 87' lang='lat' dir='ltr'>aPanio</span> <span class='ocrx_word' id='word_1_60' title='bbox 592 1599 845 1686; x_wconf 75' lang='lat' dir='ltr'>epitomatorem.</span> <span class='ocrx_word' id='word_1_61' title='bbox 882 1598 939 1684; x_wconf 86' lang='lat' dir='ltr'>„Si</span> <span class='ocrx_word' id='word_1_62' title='bbox 960 1598 1000 1666; x_wconf 89' lang='lat' dir='ltr'>de</span> <span class='ocrx_word' id='word_1_63' title='bbox 1021 1599 1096 1666; x_wconf 86' lang='lat' dir='ltr'>dote</span> <span class='ocrx_word' id='word_1_64' title='bbox 1116 1598 1280 1685; x_wconf 84' lang='lat' dir='ltr'>promissa</span> 
     </span>
     <span class='ocr_line' id='line_1_11' title="bbox 260 1723 1280 1813; baseline -0.005 -21"><span class='ocrx_word' id='word_1_65' title='bbox 260 1725 381 1808; x_wconf 77' lang='lat' dir='ltr'>agitur,</span> <span class='ocrx_word' id='word_1_66' title='bbox 413 1747 477 1790; x_wconf 81' lang='lat' dir='ltr'>noa</span> <span class='ocrx_word' id='word_1_67' title='bbox 505 1735 640 1812; x_wconf 79' lang='lat' dir='ltr'>oportet,</span> <span class='ocrx_word' id='word_1_68' title='bbox 673 1727 707 1790; x_wconf 79' lang='lat' dir='ltr'>s&#39;u</span> <span class='ocrx_word' id='word_1_69' title='bbox 740 1735 890 1813; x_wconf 59' lang='lat' dir='ltr'>pisanum</span> <span class='ocrx_word' id='word_1_70' title='bbox 910 1723 1024 1808; x_wconf 83' lang='lat' dir='ltr'>faeere</span> <span class='ocrx_word' id='word_1_71' title='bbox 1047 1733 1165 1810; x_wconf 81' lang='lat' dir='ltr'>potest,</span> <span class='ocrx_word' id='word_1_72' title='bbox 1200 1745 1280 1788; x_wconf 81' lang='lat' dir='ltr'>eon·</span> 
     </span>
    </p>
   </div>
   <div class='ocr_carea' id='block_1_3' title="bbox 260 1845 1418 2430">
    <p class='ocr_par' dir='ltr' id='par_1_4' title="bbox 260 1845 1418 2430">
     <span class='ocr_line' id='line_1_12' title="bbox 261 1845 1280 1936; baseline -0.004 -21"><span class='ocrx_word' id='word_1_73' title='bbox 261 1850 404 1915; x_wconf 69' lang='lat' dir='ltr'>damassi</span> <span class='ocrx_word' id='word_1_74' title='bbox 425 1871 509 1931; x_wconf 75' lang='lat' dir='ltr'>essen,</span> <span class='ocrx_word' id='word_1_75' title='bbox 533 1850 588 1936; x_wconf 77' lang='lat' dir='ltr'>poi</span> <span class='ocrx_word' id='word_1_76' title='bbox 603 1849 757 1935; x_wconf 72' lang='lat' dir='ltr'>promisit.</span> <span class='ocrx_word' id='word_1_77' title='bbox 800 1845 933 1913; x_wconf 82' lang='lat' dir='ltr'>Paulus:</span> <span class='ocrx_word' id='word_1_78' title='bbox 960 1847 1024 1913; x_wconf 66' lang='lat' dir='ltr'>isso</span> <span class='ocrx_word' id='word_1_79' title='bbox 1047 1847 1134 1935; x_wconf 69' lang='lat' dir='ltr'>quood</span> <span class='ocrx_word' id='word_1_80' title='bbox 1154 1847 1198 1912; x_wconf 83' lang='lat' dir='ltr'>ad</span> <span class='ocrx_word' id='word_1_81' title='bbox 1220 1867 1280 1911; x_wconf 82' lang='lat' dir='ltr'>sa·-</span> 
     </span>
     <span class='ocr_line' id='line_1_13' title="bbox 260 1953 1280 2058; baseline -0.003 -21"><span class='ocrx_word' id='word_1_82' title='bbox 260 1985 402 2038; x_wconf 79' lang='lat' dir='ltr'>traoeam</span> <span class='ocrx_word' id='word_1_83' title='bbox 425 1973 544 2048; x_wconf 76' lang='lat' dir='ltr'>attinet,</span> <span class='ocrx_word' id='word_1_84' title='bbox 567 1953 688 2058; x_wconf 65' lang='lat' dir='ltr'>seraper</span> <span class='ocrx_word' id='word_1_85' title='bbox 708 1971 767 2037; x_wconf 73' lang='lat' dir='ltr'>boa</span> <span class='ocrx_word' id='word_1_86' title='bbox 788 1993 895 2038; x_wconf 77' lang='lat' dir='ltr'>aarum</span> <span class='ocrx_word' id='word_1_87' title='bbox 917 1983 977 2056; x_wconf 61' lang='grc' dir='ltr'>σείς</span> <span class='ocrx_word' id='word_1_88' title='bbox 1000 1973 1141 2037; x_wconf 70' lang='lat' dir='ltr'>esurum</span> <span class='ocrx_word' id='word_1_89' title='bbox 1163 1968 1280 2035; x_wconf 84' lang='lat' dir='ltr'>sima-</span> 
     </span>
     <span class='ocr_line' id='line_1_14' title="bbox 260 2092 1279 2180; baseline -0.002 -20"><span class='ocrx_word' id='word_1_90' title='bbox 260 2099 355 2162; x_wconf 93' lang='lat' dir='ltr'>nente</span> <span class='ocrx_word' id='word_1_91' title='bbox 377 2092 529 2160; x_wconf 86' lang='lat' dir='ltr'>affinitate</span> <span class='ocrx_word' id='word_1_92' title='bbox 551 2094 657 2160; x_wconf 87' lang='lat' dir='ltr'>dotem</span> <span class='ocrx_word' id='word_1_93' title='bbox 678 2095 867 2180; x_wconf 81' lang='lat' dir='ltr'>promissam</span> <span class='ocrx_word' id='word_1_94' title='bbox 890 2113 987 2178; x_wconf 83' lang='lat' dir='ltr'>gener</span> <span class='ocrx_word' id='word_1_95' title='bbox 1010 2114 1029 2160; x_wconf 86' lang='lat' dir='ltr'>a</span> <span class='ocrx_word' id='word_1_96' title='bbox 1051 2113 1159 2161; x_wconf 86' lang='lat' dir='ltr'>sooero</span> <span class='ocrx_word' id='word_1_97' title='bbox 1182 2093 1279 2179; x_wconf 88' lang='lat' dir='ltr'>petit,</span> 
     </span>
     <span class='ocr_line' id='line_1_15' title="bbox 260 2217 1418 2306; baseline -0.003 -21"><span class='ocrx_word' id='word_1_98' title='bbox 260 2219 370 2306; x_wconf 86' lang='lat' dir='ltr'>utique</span> <span class='ocrx_word' id='word_1_99' title='bbox 390 2219 425 2284; x_wconf 92' lang='lat' dir='ltr'>in</span> <span class='ocrx_word' id='word_1_100' title='bbox 446 2221 598 2304; x_wconf 88' lang='lat' dir='ltr'>quantum</span> <span class='ocrx_word' id='word_1_101' title='bbox 620 2218 724 2286; x_wconf 74' lang='lat' dir='ltr'>faeere</span> <span class='ocrx_word' id='word_1_102' title='bbox 745 2221 866 2304; x_wconf 82' lang='lat' dir='ltr'>potest,</span> <span class='ocrx_word' id='word_1_103' title='bbox 888 2237 978 2286; x_wconf 88' lang='lat' dir='ltr'>sooer</span> <span class='ocrx_word' id='word_1_104' title='bbox 997 2217 1277 2298; x_wconf 82' lang='lat' dir='ltr'>sondemnabitur3</span> <span class='ocrx_word' id='word_1_105' title='bbox 1417 2257 1418 2270; x_wconf 27' lang='grc' dir='ltr'><strong>κ</strong></span> 
     </span>
     <span class='ocr_line' id='line_1_16' title="bbox 260 2341 1277 2430; baseline -0.004 -19"><span class='ocrx_word' id='word_1_106' title='bbox 260 2343 289 2411; x_wconf 89' lang='lat' dir='ltr'>si</span> <span class='ocrx_word' id='word_1_107' title='bbox 310 2344 445 2412; x_wconf 85' lang='lat' dir='ltr'>diremto</span> <span class='ocrx_word' id='word_1_108' title='bbox 467 2343 667 2411; x_wconf 86' lang='lat' dir='ltr'>matrimonio</span> <span class='ocrx_word' id='word_1_109' title='bbox 690 2342 826 2430; x_wconf 84' lang='lat' dir='ltr'>petitur,</span> <span class='ocrx_word' id='word_1_110' title='bbox 849 2363 890 2411; x_wconf 85' lang='lat' dir='ltr'>ex</span> <span class='ocrx_word' id='word_1_111' title='bbox 912 2361 1007 2411; x_wconf 88' lang='lat' dir='ltr'>eausa</span> <span class='ocrx_word' id='word_1_112' title='bbox 1029 2347 1061 2411; x_wconf 87' lang='lat' dir='ltr'>et</span> <span class='ocrx_word' id='word_1_113' title='bbox 1082 2361 1218 2430; x_wconf 86' lang='lat' dir='ltr'>persona</span> <span class='ocrx_word' id='word_1_114' title='bbox 1239 2341 1277 2407; x_wconf 87' lang='lat' dir='ltr'>id</span> 
     </span>
    </p>
   </div>
   <div class='ocr_carea' id='block_1_4' title="bbox 259 2452 1277 3058">
    <p class='ocr_par' dir='ltr' id='par_1_5' title="bbox 259 2452 1277 2910">
     <span class='ocr_line' id='line_1_17' title="bbox 259 2452 1277 2555; baseline -0.004 -20"><span class='ocrx_word' id='word_1_115' title='bbox 259 2467 461 2536; x_wconf 87' lang='lat' dir='ltr'>tribuendum</span> <span class='ocrx_word' id='word_1_116' title='bbox 488 2473 582 2555; x_wconf 85' lang='lat' dir='ltr'>puto;</span> <span class='ocrx_word' id='word_1_117' title='bbox 616 2467 692 2554; x_wconf 91' lang='lat' dir='ltr'>quid</span> <span class='ocrx_word' id='word_1_118' title='bbox 720 2467 822 2553; x_wconf 85' lang='lat' dir='ltr'>enim,</span> <span class='ocrx_word' id='word_1_119' title='bbox 850 2469 878 2534; x_wconf 85' lang='lat' dir='ltr'>si</span> <span class='ocrx_word' id='word_1_120' title='bbox 906 2452 994 2536; x_wconf 85' lang='lat' dir='ltr'>sooer</span> <span class='ocrx_word' id='word_1_121' title='bbox 1021 2468 1126 2555; x_wconf 87' lang='lat' dir='ltr'>speeie</span> <span class='ocrx_word' id='word_1_122' title='bbox 1148 2467 1277 2533; x_wconf 74' lang='lat' dir='ltr'>futurae</span> 
     </span>
     <span class='ocr_line' id='line_1_18' title="bbox 260 2591 1275 2678; baseline -0.003 -19"><span class='ocrx_word' id='word_1_123' title='bbox 260 2593 343 2659; x_wconf 86' lang='lat' dir='ltr'>dotis</span> <span class='ocrx_word' id='word_1_124' title='bbox 375 2591 538 2658; x_wconf 87' lang='lat' dir='ltr'>induxerit</span> <span class='ocrx_word' id='word_1_125' title='bbox 570 2610 737 2676; x_wconf 81' lang='lat' dir='ltr'>generum,</span> <span class='ocrx_word' id='word_1_126' title='bbox 771 2597 804 2659; x_wconf 87' lang='lat' dir='ltr'>st</span> <span class='ocrx_word' id='word_1_127' title='bbox 836 2611 934 2678; x_wconf 90' lang='lat' dir='ltr'>quum</span> <span class='ocrx_word' id='word_1_128' title='bbox 968 2593 1080 2676; x_wconf 84' lang='lat' dir='ltr'>seirat,</span> <span class='ocrx_word' id='word_1_129' title='bbox 1114 2611 1148 2660; x_wconf 90' lang='lat' dir='ltr'>se</span> <span class='ocrx_word' id='word_1_130' title='bbox 1179 2609 1275 2677; x_wconf 86' lang='lat' dir='ltr'>prae-</span> 
     </span>
     <span class='ocr_line' id='line_1_19' title="bbox 261 2713 1274 2802; baseline -0.002 -19"><span class='ocrx_word' id='word_1_131' title='bbox 261 2720 346 2784; x_wconf 83' lang='lat' dir='ltr'>stare</span> <span class='ocrx_word' id='word_1_132' title='bbox 373 2715 480 2798; x_wconf 64' lang='lat' dir='ltr'>domm</span> <span class='ocrx_word' id='word_1_133' title='bbox 506 2735 570 2785; x_wconf 89' lang='lat' dir='ltr'>non</span> <span class='ocrx_word' id='word_1_134' title='bbox 596 2734 706 2802; x_wconf 84' lang='lat' dir='ltr'>posse,</span> <span class='ocrx_word' id='word_1_135' title='bbox 733 2715 767 2782; x_wconf 90' lang='lat' dir='ltr'>id</span> <span class='ocrx_word' id='word_1_136' title='bbox 795 2717 911 2802; x_wconf 79' lang='lat' dir='ltr'>egerit,</span> <span class='ocrx_word' id='word_1_137' title='bbox 939 2723 976 2784; x_wconf 88' lang='lat' dir='ltr'>ut</span> <span class='ocrx_word' id='word_1_138' title='bbox 1003 2729 1119 2802; x_wconf 81' lang='lat' dir='ltr'>genero</span> <span class='ocrx_word' id='word_1_139' title='bbox 1141 2713 1274 2784; x_wconf 77' lang='lat' dir='ltr'>insidia-</span> 
     </span>
     <span class='ocr_line' id='line_1_20' title="bbox 259 2837 388 2910; baseline -0.008 -2"><span class='ocrx_word' id='word_1_140' title='bbox 259 2837 388 2910; x_wconf 77' lang='lat' dir='ltr'>retur?“</span> 
     </span>
    </p>

    <p class='ocr_par' dir='ltr' id='par_1_6' title="bbox 326 2963 1272 3058">
     <span class='ocr_line' id='line_1_21' title="bbox 326 2963 1272 3058; baseline -0.001 -24"><span class='ocrx_word' id='word_1_141' title='bbox 326 2966 412 3051; x_wconf 80' lang='lat' dir='ltr'>Ergo</span> <span class='ocrx_word' id='word_1_142' title='bbox 434 2985 475 3034; x_wconf 87' lang='lat' dir='ltr'>ne</span> <span class='ocrx_word' id='word_1_143' title='bbox 488 2963 606 3035; x_wconf 87' lang='lat' dir='ltr'>Paulus</span> <span class='ocrx_word' id='word_1_144' title='bbox 628 2965 756 3052; x_wconf 88' lang='lat' dir='ltr'>quidem</span> <span class='ocrx_word' id='word_1_145' title='bbox 775 2965 891 3034; x_wconf 88' lang='lat' dir='ltr'>marito</span> <span class='ocrx_word' id='word_1_146' title='bbox 905 2965 940 3033; x_wconf 96' lang='lat' dir='ltr'>in</span> <span class='ocrx_word' id='word_1_147' title='bbox 954 2985 1036 3058; x_wconf 20' lang='lat' dir='ltr'>&#39;essu</span> <span class='ocrx_word' id='word_1_148' title='bbox 1056 2966 1136 3035; x_wconf 82' lang='grc'><strong>1.32</strong></span> <span class='ocrx_word' id='word_1_149' title='bbox 1158 2963 1272 3053; x_wconf 74' lang='lat'><strong>(24,3)</strong></span> 
     </span>
    </p>
   </div>
   <div class='ocr_carea' id='block_1_5' title="bbox 260 3091 1383 3179">
    <p class='ocr_par' dir='ltr' id='par_1_7' title="bbox 260 3091 1383 3179">
     <span class='ocr_line' id='line_1_22' title="bbox 260 3091 1383 3179; baseline -0.003 -19"><span class='ocrx_word' id='word_1_150' title='bbox 260 3092 477 3178; x_wconf 82' lang='lat' dir='ltr'>exeeptionem</span> <span class='ocrx_word' id='word_1_151' title='bbox 520 3091 747 3179; x_wconf 85' lang='lat' dir='ltr'>eompetentiae</span> <span class='ocrx_word' id='word_1_152' title='bbox 788 3093 1010 3177; x_wconf 86' lang='lat' dir='ltr'>oonoessisset,</span> <span class='ocrx_word' id='word_1_153' title='bbox 1048 3109 1145 3177; x_wconf 87' lang='lat' dir='ltr'>quum</span> <span class='ocrx_word' id='word_1_154' title='bbox 1185 3091 1274 3178; x_wconf 82' lang='lat' dir='ltr'>prior</span> <span class='ocrx_word' id='word_1_155' title='bbox 1380 3166 1383 3176; x_wconf 31' lang='lat'><strong>¹</strong></span> 
     </span>
    </p>
   </div>
   <div class='ocr_carea' id='block_1_6' title="bbox 211 3215 1274 4043">
    <p class='ocr_par' dir='ltr' id='par_1_8' title="bbox 211 3215 1274 4043">
     <span class='ocr_line' id='line_1_23' title="bbox 211 3215 1273 3301; baseline 0.002 -21"><span class='ocrx_word' id='word_1_156' title='bbox 211 3218 217 3227; x_wconf 88' lang='lat'>&#39;</span> <span class='ocrx_word' id='word_1_157' title='bbox 261 3220 292 3281; x_wconf 88' lang='lat' dir='ltr'>et</span> <span class='ocrx_word' id='word_1_158' title='bbox 314 3215 470 3300; x_wconf 78' lang='lat' dir='ltr'>posterior</span> <span class='ocrx_word' id='word_1_159' title='bbox 490 3216 624 3281; x_wconf 86' lang='lat' dir='ltr'>maritus</span> <span class='ocrx_word' id='word_1_160' title='bbox 646 3235 800 3301; x_wconf 82' lang='lat' dir='ltr'>personae</span> <span class='ocrx_word' id='word_1_161' title='bbox 822 3221 991 3284; x_wconf 83' lang='lat' dir='ltr'>extraneae</span> <span class='ocrx_word' id='word_1_162' title='bbox 1014 3216 1087 3282; x_wconf 89' lang='lat' dir='ltr'>sint.</span> <span class='ocrx_word' id='word_1_163' title='bbox 1121 3216 1186 3284; x_wconf 87' lang='lat' dir='ltr'>Nos</span> <span class='ocrx_word' id='word_1_164' title='bbox 1201 3215 1273 3301; x_wconf 82' lang='lat' dir='ltr'>qui-</span> 
     </span>
     <span class='ocr_line' id='line_1_24' title="bbox 260 3335 1274 3425; baseline 0.001 -21"><span class='ocrx_word' id='word_1_165' title='bbox 260 3337 332 3404; x_wconf 90' lang='lat' dir='ltr'>dem</span> <span class='ocrx_word' id='word_1_166' title='bbox 363 3335 513 3402; x_wconf 89' lang='lat' dir='ltr'>nimirum</span> <span class='ocrx_word' id='word_1_167' title='bbox 548 3338 737 3406; x_wconf 84' lang='lat' dir='ltr'>severiorem</span> <span class='ocrx_word' id='word_1_168' title='bbox 763 3337 855 3405; x_wconf 86' lang='lat' dir='ltr'>Pauli</span> <span class='ocrx_word' id='word_1_169' title='bbox 884 3339 1045 3425; x_wconf 84' lang='lat' dir='ltr'>sequimur</span> <span class='ocrx_word' id='word_1_170' title='bbox 1072 3339 1274 3424; x_wconf 67' lang='lat' dir='ltr'>sententiam</span> 
     </span>
     <span class='ocr_line' id='line_1_25' title="bbox 260 3460 1205 3548; baseline 0.002 -20"><span class='ocrx_word' id='word_1_171' title='bbox 260 3466 370 3548; x_wconf 87' lang='lat' dir='ltr'>utpote</span> <span class='ocrx_word' id='word_1_172' title='bbox 391 3461 493 3542; x_wconf 80' lang='lat' dir='ltr'>magis</span> <span class='ocrx_word' id='word_1_173' title='bbox 515 3480 585 3527; x_wconf 85' lang='lat' dir='ltr'>oum</span> <span class='ocrx_word' id='word_1_174' title='bbox 609 3460 814 3544; x_wconf 83' lang='lat' dir='ltr'>delegationis</span> <span class='ocrx_word' id='word_1_175' title='bbox 836 3466 950 3529; x_wconf 88' lang='lat' dir='ltr'>natura</span> <span class='ocrx_word' id='word_1_176' title='bbox 971 3469 1205 3548; x_wconf 76' lang='lat' dir='ltr'>congruentem</span> 
     </span>
     <span class='ocr_line' id='line_1_26' title="bbox 328 3583 1274 3674; baseline 0.004 -24"><span class='ocrx_word' id='word_1_177' title='bbox 328 3583 377 3650; x_wconf 94' lang='lat' dir='ltr'>Ob</span> <span class='ocrx_word' id='word_1_178' title='bbox 409 3601 505 3650; x_wconf 89' lang='lat' dir='ltr'>unam</span> <span class='ocrx_word' id='word_1_179' title='bbox 543 3588 668 3650; x_wconf 86' lang='lat' dir='ltr'>tantum</span> <span class='ocrx_word' id='word_1_180' title='bbox 707 3605 775 3652; x_wconf 88' lang='lat' dir='ltr'>rem</span> <span class='ocrx_word' id='word_1_181' title='bbox 812 3587 990 3674; x_wconf 66' lang='lat' dir='ltr'>promissio,</span> <span class='ocrx_word' id='word_1_182' title='bbox 1014 3587 1149 3670; x_wconf 81' lang='lat' dir='ltr'>delegati</span> <span class='ocrx_word' id='word_1_183' title='bbox 1189 3585 1274 3654; x_wconf 87' lang='lat' dir='ltr'>dotis</span> 
     </span>
     <span class='ocr_line' id='line_1_27' title="bbox 260 3706 1273 3798; baseline 0.002 -24"><span class='ocrx_word' id='word_1_184' title='bbox 260 3723 356 3774; x_wconf 86' lang='lat' dir='ltr'>eausa</span> <span class='ocrx_word' id='word_1_185' title='bbox 382 3706 467 3773; x_wconf 84' lang='lat' dir='ltr'>faeta</span> <span class='ocrx_word' id='word_1_186' title='bbox 501 3727 542 3776; x_wconf 83' lang='lat' dir='ltr'>ex</span> <span class='ocrx_word' id='word_1_187' title='bbox 574 3725 669 3774; x_wconf 84' lang='lat' dir='ltr'>eausa</span> <span class='ocrx_word' id='word_1_188' title='bbox 700 3709 837 3795; x_wconf 87' lang='lat' dir='ltr'>pristina</span> <span class='ocrx_word' id='word_1_189' title='bbox 869 3711 996 3798; x_wconf 84' lang='lat' dir='ltr'>pendet.</span> <span class='ocrx_word' id='word_1_190' title='bbox 1046 3709 1151 3787; x_wconf 44' lang='lat' dir='ltr'>wtunam</span> <span class='ocrx_word' id='word_1_191' title='bbox 1187 3709 1273 3776; x_wconf 89' lang='lat' dir='ltr'>euim</span> 
     </span>
     <span class='ocr_line' id='line_1_28' title="bbox 259 3830 1272 3918; baseline 0 -20"><span class='ocrx_word' id='word_1_192' title='bbox 259 3830 462 3918; x_wconf 89' lang='lat' dir='ltr'>promissioni</span> <span class='ocrx_word' id='word_1_193' title='bbox 490 3831 573 3899; x_wconf 87' lang='lat' dir='ltr'>dotis</span> <span class='ocrx_word' id='word_1_194' title='bbox 601 3851 696 3899; x_wconf 88' lang='lat' dir='ltr'>eausa</span> <span class='ocrx_word' id='word_1_195' title='bbox 716 3833 817 3902; x_wconf 81' lang='lat' dir='ltr'>saetae</span> <span class='ocrx_word' id='word_1_196' title='bbox 840 3835 938 3901; x_wconf 79' lang='lat' dir='ltr'>tacita</span> <span class='ocrx_word' id='word_1_197' title='bbox 962 3835 1038 3900; x_wconf 89' lang='lat' dir='ltr'>insit</span> <span class='ocrx_word' id='word_1_198' title='bbox 1060 3831 1197 3900; x_wconf 87' lang='lat' dir='ltr'>eonditio</span> <span class='ocrx_word' id='word_1_199' title='bbox 1223 3833 1272 3916; x_wconf 89' lang='lat' dir='ltr'>„si</span> 
     </span>
     <span class='ocr_line' id='line_1_29' title="bbox 261 3952 1272 4043; baseline 0.005 -24"><span class='ocrx_word' id='word_1_200' title='bbox 261 3956 389 4040; x_wconf 88' lang='lat' dir='ltr'>nuptiae</span> <span class='ocrx_word' id='word_1_201' title='bbox 412 3960 537 4024; x_wconf 84' lang='lat' dir='ltr'>seoutae</span> <span class='ocrx_word' id='word_1_202' title='bbox 557 3952 709 4042; x_wconf 82' lang='lat' dir='ltr'>fuerint“‚</span> <span class='ocrx_word' id='word_1_203' title='bbox 737 3957 872 4041; x_wconf 79' lang='lat' dir='ltr'>delegati</span> <span class='ocrx_word' id='word_1_204' title='bbox 898 3956 1066 4043; x_wconf 90' lang='lat' dir='ltr'>promissio</span> <span class='ocrx_word' id='word_1_205' title='bbox 1093 3957 1168 4025; x_wconf 86' lang='lat' dir='ltr'>inde</span> <span class='ocrx_word' id='word_1_206' title='bbox 1193 3976 1272 4043; x_wconf 88' lang='lat' dir='ltr'>pen-</span> 
     </span>
    </p>
   </div>
   <div class='ocr_carea' id='block_1_7' title="bbox 0 0 1430 4773">
    <p class='ocr_par' dir='ltr' id='par_1_9' title="bbox 0 0 1430 4773">
     <span class='ocr_line' id='line_1_30' title="bbox 0 0 1430 4773; baseline 0 0"><span class='ocrx_word' id='word_1_207' title='bbox 0 0 1430 4773; x_wconf 95' lang='lat' dir='ltr'> </span> 
     </span>
    </p>
   </div>
  </div>
 </body>
</html>
