2852 4780
701 413 858 514 Q

276 595 354 682 tori,
376 613 435 682 pro
455 583 637 661 Alexandro
659 595 804 680 suseepto
825 591 963 676 nomine,
986 601 1100 657 certam
1118 591 1303 677 pensatam

206 803 210 811 ι
276 717 441 806 stipulanti
463 715 647 805 spopondit,
674 715 750 784 lieet
770 733 829 802 per
849 713 1083 802 improbitatem
1105 711 1301 780 Alexander

276 845 306 914 ei
329 845 406 912 satis
427 863 491 910 non
512 841 602 926 ieoit,
623 845 731 908 temen
753 861 901 916 sammaa.
915 838 1091 927 promissae
1109 837 1207 906 nimis
1226 837 1296 903 im-

276 967 374 1056 probe
400 967 514 1035 solutio
535 961 699 1050 negatur.“
1185 943 1190 949 ¹

739 1156 768 1242 ξ.
793 1161 824 1226 7.

276 1305 322 1372 D.
357 1302 530 1387 Quaenam
559 1301 628 1368 nint
654 1301 807 1367 remoneo
840 1302 932 1367 inter
960 1297 1169 1389 delepeatem
1198 1297 1288 1366 dele-
1420 1276 1423 1285 ⁵

320 1427 558 1516 potandumque
579 1435 614 1492 et
636 1425 725 1491 latter
747 1423 938 1511 delepatum
962 1423 1246 1510 delepnntemqne.

342 1585 454 1654 Restat
484 1603 582 1650 unum
614 1581 909 1678 demonstrandam,
943 1581 1038 1648 etiam
1070 1582 1104 1648 in
1132 1579 1290 1665 omnibns,
1419 1620 1423 1629 ·

277 1730 355 1798 quoa
387 1707 416 1793 d.
442 1711 472 1775 1.
502 1707 698 1792 enumeravi,
733 1705 873 1790 ossibus,
908 1723 1006 1792 aoqno
1034 1709 1128 1790 atque
1156 1707 1191 1770 in
1213 1723 1290 1772 nasu

277 1833 423 1920 normali,
445 1833 600 1900 rationem
623 1834 656 1897 et
675 1831 759 1898 inter
781 1828 977 1913 delegantem
1000 1829 1291 1916 delegatoriamqne

279 1966 311 2027 et
332 1960 417 2026 inter
437 1955 615 2039 delegatum
637 1954 895 2040 delegantemqna
919 1972 983 2021 non
1005 1954 1176 2022 seeundum
1198 1975 1291 2022 man·

278 2082 345 2151 dati
365 2084 551 2168 praecepta,
580 2079 635 2145 sed
658 2099 698 2146 ex
721 2079 857 2146 dationis
880 2079 954 2163 jure
976 2077 1103 2165 ejusque
1124 2097 1220 2146 eamn
1240 2075 1292 2146 di·

274 2205 421 2291 judioarl.
452 2202 520 2270 Hoo
540 2203 587 2270 ita
609 2222 677 2269 esse
698 2203 733 2268 in
754 2203 795 2268 iis
818 2203 958 2288 nasibus,
980 2203 1015 2269 in
1036 2201 1150 2288 quibus
1163 2207 1221 2270 ant
1233 2203 1291 2270 de-

278 2330 449 2416 legatarius
472 2327 612 2398 solvendi
634 2344 729 2394 eausa
750 2347 840 2394 reum
857 2347 914 2415 per
930 2326 1157 2410 delegationem
1172 2325 1291 2396 substi-

277 2459 382 2522 tutum
403 2454 539 2541 aceepit,
562 2451 705 2537 quemvis
720 2471 809 2537 eum,
832 2453 887 2538 qui
901 2451 1074 2535 delegantis
1088 2451 1211 2520 debitor
1225 2471 1291 2519 non
1307 2505 1315 2527 ,

279 2585 344 2665 est,
378 2582 433 2644 aut
466 2574 627 2660 delegatus
657 2574 798 2644 solvendi
825 2593 921 2644 eausa
949 2595 984 2643 se
1010 2575 1149 2660 delegati
1175 2595 1291 2663 passus

279 2707 342 2787 est,
371 2700 514 2787 quamvis
537 2700 584 2785 ei,
611 2699 666 2784 qni
693 2698 867 2782 delegantis
887 2699 1025 2768 eroditor
1046 2721 1110 2768 non
1132 2706 1197 2786 est,
1220 2701 1291 2786 jam

279 2847 319 2895 ex
347 2827 388 2894 iis
415 2828 548 2912 apparet
576 2813 785 2908 argumentis,
814 2841 894 2909 quae
923 2825 1121 2912 disputantes
1148 2826 1187 2892 de
1214 2843 1291 2894 oasa

277 2951 413 3020 normali
435 2949 608 3017 attulimus.
648 2947 733 3032 Ergo
755 2948 1033 3016 demonstrandum
1054 2955 1170 3034 restet,
1192 2951 1290 3016 etiam

278 3078 312 3143 in
334 3077 375 3143 iis
397 3076 521 3143 nasibus
543 3075 602 3140 hoo
623 3073 670 3138 ita
693 3091 777 3158 osse,
808 3074 842 3138 in
866 3073 979 3159 quibus
1000 3073 1210 3158 delegatamas
1230 3075 1290 3141 do·

278 3199 375 3266 nandi
403 3218 458 3265 sen
488 3195 635 3264 medendi
663 3216 758 3263 oansa
784 3197 970 3283 stipulatur,
1000 3197 1161 3281 delegatus
1183 3201 1290 3266 autem

279 3321 416 3389 donandi
440 3339 494 3386 seu
517 3320 665 3387 credendi
687 3339 781 3386 eausa
801 3321 969 3418 promittit.

346 3443 419 3512 Jam
442 3437 516 3511 vero
540 3443 580 3509 ad
603 3443 742 3526 singulos
765 3462 856 3510 nasus
878 3463 936 3511 nos
957 3449 1125 3514 vertamus.

345 3568 371 3634 1.
404 3565 469 3634 Fae
497 3567 734 3650 delegatorinm·
749 3587 806 3654 per
828 3568 1062 3655 stipulationem
1085 3589 1104 3636 a
1125 3567 1293 3652 delegante

280 3692 480 3760 donationem
504 3691 655 3778 aeoipere.

350 3819 380 3884 1.
418 3815 479 3884 Hie
512 3815 739 3900 delegataninm
761 3815 889 3884 'nullius
917 3817 980 3884 nisi
1008 3835 1100 3882 sunm
1127 3819 1290 3900 negotium

281 3961 390 4026 gerere
413 3943 447 4010 in
469 3944 597 4029 promtu
619 3943 677 4007 est
714 3939 898 4025 Delegantls
920 3939 1004 4009 enim
1026 3941 1186 4026 negotium
1204 3924 1289 4010 dele·
1419 3920 1421 3934 ¹
