2852 4780
775 433 818 500 dt

720 523 880 534 ———

295 615 392 686 dandi
405 614 547 684 tooirnioo
559 633 618 702 pre
630 613 725 682 verbo
740 610 906 695 detegendi
919 612 1107 696 neorpetnm
1116 607 1320 675 invenimus.

297 741 333 810 si
354 743 469 808 'aetem
492 739 626 820 Romani
653 736 834 825 proverbe
864 734 1029 818 delegandi
1059 729 1147 800 eliud
1173 735 1322 820 ponunt,

297 863 446 952 inprimis
458 863 697 948 verb0j11bendi
709 865 857 943 utontnr3
876 861 992 928 seimus
1008 863 1115 924 eutem
1129 874 1184 925 eoa
1198 874 1321 923 omnn-

297 990 437 1056 tieeimoa
468 1007 538 1056 esee
564 991 635 1054 tum
661 987 799 1068 maximo
827 985 920 1070 hedua
948 983 1053 1068 verbi,
1072 982 1116 1048 ‘ei
1142 981 1321 1068 proprium

298 1113 483 1180 mandatum
503 1131 562 1180 neo
583 1117 633 1179 eet
653 1131 711 1178 neo
733 1130 802 1178 esee
815 1113 929 1196 potest.
967 1105 1179 1174 Reminiooore
1193 1122 1320 1172 nomen

300 1238 367 1322 ejus
390 1237 532 1320 aetionis,
555 1255 635 1321 qoee
656 1237 690 1301 in
711 1239 836 1320 petrem
858 1233 962 1318 detur,
985 1232 1013 1298 ei
1035 1230 1254 1299 consentiente
1280 1247 1320 1294 eo

299 1359 384 1430 filine
407 1379 475 1428 sese
497 1359 649 1442 obligavit
670 1356 764 1440 (aetio
787 1357 871 1442 qued
889 1356 1004 1440 juneo).
1182 1330 1187 1336 ¹

367 1482 465 1550 Unda¹¹
484 1483 588 1568 loono,
616 1501 657 1548 ex
679 1502 740 1567 quo
759 1481 992 1565 jorisoonsulti,
1020 1495 1253 1566 pornmourae
1279 1475 1324 1542 ed

301 1607 593 1694 interpretationem
622 1605 823 1690 adhibentes,
850 1606 890 1672 de
917 1605 1039 1672 aetione
1066 1601 1208 1669 mandati
1230 1601 1323 1666 inter

302 1731 499 1814 delegantem
527 1734 558 1798 et
583 1730 762 1814 delegatum
784 1729 994 1814 oonjeotorem
1015 1729 1119 1794 dooere
1141 1723 1245 1793 solent
1271 1726 1323 1789 est

302 1854 325 1921 1.
343 1857 396 1922 12.
412 1856 450 1921 de
470 1875 544 1922 nov.
559 1859 593 1921 et
615 1854 729 1938 deleg.:
1185 1891 1186 1894 =
1235 1857 1237 1862 ’

316 2011 318 2016 ·
374 1977 546 2062 „OEaulust
581 1977 708 2062 siquis
736 1977 928 2062 delegaverit
955 1977 1144 2059 debitorem,
1173 1973 1227 2059 qui
1252 1970 1321 2038 doli

304 2101 380 2168 meli
403 2099 587 2186 exeeptione
607 2101 690 2166 tueri
713 2121 747 2168 ee
767 2121 862 2186 posse
878 2101 1006 2185 eeiebot,
1030 2099 1142 2167 similis
1157 2097 1323 2164 videbitur

304 2225 351 2309 ei,
376 2225 430 2309 qui
452 2224 565 2308 donet,
588 2224 735 2308 qnoniam
757 2224 919 2290 remittere
942 2225 1157 2311 exeeptionem
1179 2218 1321 2288 videtur.

207 2369 209 2378 ¹
306 2347 370 2416 Sed
385 2348 412 2414 si
425 2367 484 2436 per
494 2347 708 2432 'ignorantiam
721 2348 905 2434 promiserit
916 2347 1076 2432 creditori,
1091 2347 1180 2414 nullo
1189 2345 1322 2432 quidem

308 2473 492 2559 exeeptione
525 2473 674 2540 adversm
702 2473 889 2540 creditorem
918 2472 967 2540 uti
992 2473 1126 2560 poterit,
1161 2471 1236 2556 qnia
1263 2469 1323 2536 ille

308 2615 400 2662 suum
422 2597 552 2683 reoepit,
575 2597 692 2682 sedis,
715 2598 768 2682 qui
791 2598 957 2682 delegavit,
980 2602 1106 2664 tenetur
1122 2595 1323 2662 eondiotione

281 2718 360 2788 *vel
386 2720 513 2804 incerti,
542 2721 569 2786 ei
596 2740 659 2788 non
681 2721 817 2807 poemia
839 2721 941 2787 soluta
962 2725 1061 2804 esset,
1089 2718 1141 2784 vel
1158 2719 1259 2803 oerti,
1294 2717 1324 2786 ei

309 2845 412 2912 soluta
424 2877 427 2882 ·
439 2846 536 2926 esset3
564 2859 593 2913 et
616 2848 702 2930 ideo,
731 2870 825 2936 qaum
846 2848 913 2934 ipae
930 2846 1121 2934 praestiterit
1141 2847 1322 2930 poemiam,

309 2983 381 3058 opet
400 2973 542 3038 mandeti
553 2973 684 3057 ywoetoeo.
1066 2965 1068 2973 ’

348 3117 350 3120 ·
376 3091 525 3176 Vulgarie
544 3094 638 3178 hujus
659 3094 720 3162 looi
741 3094 961 3182 interpretatio
983 3111 1031 3178 ea,
1055 3085 1151 3180 quem
1174 3087 1322 3176 ¹(iujaoine
1405 3093 1406 3176 t

309 3215 395 3300 feeit,
418 3220 480 3282 est:
764 3223 765 3228 ’
935 3249 938 3254 ·
1405 3197 1406 3200 “

381 3356 489 3424 „enm,
512 3340 574 3425 qui.
589 3339 754 3426 delegerit,
777 3341 930 3424 delegato,
953 3340 981 3406 oi
1002 3341 1168 3427 pecuniam
1191 3337 1321 3406 solverit

313 3465 353 3550 ei,
376 3465 427 3531 oui
450 3463 610 3546 delegatus
633 3467 691 3548 eat,
713 3465 814 3530 teneri
836 3464 958 3531 oetiono
979 3466 1135 3547 mendati3
1158 3483 1222 3530 non
1244 3479 1319 3529 eon-

313 3583 595 3654 dietionetentom
617 3587 712 3672 oerti,
738 3588 766 3654 si
787 3589 953 3674 peouniam
975 3589 1121 3674 solverit,
1145 3588 1200 3656 sed
1224 3586 1319 3656 etiem
1405 3601 1406 3654 t

313 3711 464 3797 mandati,
487 3712 561 3798 qnia
583 3731 624 3780 en
645 3711 796 3778 mandato
818 3711 885 3796 ejue
908 3713 1011 3780 solvit.
1048 3712 1214 3797 Delegatio
1229 3732 1318 3778 man-
1405 3691 1406 3784 i

313 3837 421 3906 datum
444 3833 522 3904 est.“
1226 3923 1239 3936 ‚.

330 4035 334 4044 ,
381 3962 478 4048 Quae,
501 3962 644 4047 quamvis
667 3962 805 4046 vulgaris
820 3960 1038 4049 interpretatio
1054 3961 1107 4048 eit,
1128 3965 1235 4030 tamen
1250 3978 1318 4030 eam
1405 3983 1406 3986 ’
