2834 4780
772 423 792 486 a

704 511 861 522 --.-—-

275 595 343 670 duis
372 603 423 669 dia
445 596 633 686 Delegation
656 598 836 668 weseutlieh
865 597 1005 668 ein'Alrt
1028 601 1085 668 der
1106 567 1289 669 Alienation
1389 573 1409 740 p

275 729 362 795 einer
384 725 579 812 Forderung,
601 727 689 794 niobt
709 726 890 794 wesentlieh
912 726 969 793 der
983 727 1051 793 Akt
1073 727 1129 795 der
1144 727 1288 795 Solution

151 835 154 840 ¹
275 853 363 921 einer
378 845 503 920 'Sohuld
524 849 598 919 ist.“

341 977 390 1044 lta
404 975 522 1064 Keller,
545 977 634 1061 euius
657 977 823 1062 sententia,
847 977 950 1062 quoad
965 975 1087 1043 litteras
1102 992 1288 1064 percensere

274 1095 453 1191 possumis,
477 1100 619 1169 solitaria
641 1096 699 1168 est.
918 1096 920 1102 ’

342 1227 445 1306 Quum
467 1228 565 1309 igitur
588 1225 744 1292 sententie
765 1225 853 1312 prior
877 1225 1004 1291 subesse
1019 1219 1195 1292 neeessario
1211 1225 1289 1294 velit
1408 1247 1409 1272 u

275 1351 359 1420 inter
386 1349 588 1435 delegantem
611 1354 643 1415 et
664 1349 891 1432 delegaturium
914 1349 1153 1434 obligationem,
1182 1349 1289 1417 Keller
1408 1409 1409 1446 3

275 1480 385 1544 eontra
412 1474 590 1541 neoessarto
619 1474 731 1539 statuit
758 1474 843 1540 inter
870 1473 1048 1557 delegatum
1078 1479 1173 1559 atque
1202 1468 1287 1543 dele-
1408 1463 1409 1472 '

275 1604 402 1685 gentem
426 1598 649 1682 obligationem
671 1597 868 1684 praeoedere.

342 1723 549 1804 Quantumvis
572 1743 646 1790 vero
669 1723 934 1810 praestantissimi
961 1719 1046 1788 illius
1068 1723 1288 1807 juriseonsnlti
1408 1793 1409 1802 ,

275 1849 447 1917 memoriae
469 1847 663 1933 tribuamus,
685 1853 792 1913 tamen
814 1865 878 1913 non
899 1867 1084 1934 possumus,
1108 1849 1184 1933 quin
1207 1869 1286 1934 eam,

276 1993 371 2058 quam
393 1973 462 2038 vult
490 1977 817 2057 temnentemque,
847 1971 1051 2055 delegationis
1075 1971 1286 2040 definitionem

276 2117 295 2164 a
317 2097 456 2164 fontibus
479 2096 707 2182 quodammodo
731 2093 898 2162 abhorrere
917 2097 1104 2184 judioemus.
1281 2089 1284 2098 ¹

342 2219 391 2288 Ita
412 2221 515 2304 legem
538 2221 591 2286 33.
609 2220 648 2287 de
669 2220 749 2288 Nor.
766 2225 798 2287 et
811 2220 933 2306 Deleg.‚
957 2241 1048 2307 quae,
1071 2241 1168 2307 quum
1189 2221 1224 2288 in
1245 2223 1287 2289 ti-

156 2389 158 2398 ‚
275 2345 378 2414 tulum
392 2343 633 2430 Pandeotarum‚
657 2347 711 2430 qui
734 2345 912 2432 speeieliter
935 2343 1147 2430 delegationes
1162 2352 1286 2433 modat,
1407 2375 1408 2388 2

274 2475 403 2560 recepta
430 2471 488 2556 sit,
516 2469 600 2536 haud
626 2471 717 2557 parvi
739 2472 891 2537 momenti
913 2475 977 2557 est,
1005 2477 1115 2538 eontra
1137 2493 1207 2539 enm
1231 2471 1286 2538 ad-
1407 2477 1408 2482 ’

276 2596 434 2663 bibemus:
463 2595 589 2680 etenim,
613 2614 709 2680 quum
730 2595 783 2661 bie
806 2595 967 2678 delegatus
982 2596 1148 2679 ‘deleganti
1170 2597 1286 2664 donare

275 2721 362 2804 velit,
386 2713 532 2786 alienatio
556 2719 755 2803 obligationis
777 2709 864 2786 nullo
879 2719 972 2787 modo
988 2741 1057 2787 esse
1071 2725 1185 2806 potest,
1208 2739 1285 2805 quo·

274 2845 362 2911 niam
389 2843 538 2928 obligatio
566 2845 649 2910 inter
677 2845 873 2928 delegantem
901 2865 938 2912 ao
959 2845 1137 2927 delegatum
1160 2844 1285 2911 omuino
1406 2881 1407 2886 κ

274 2985 338 3035 nou
361 2974 440 3054 erat,
463 2971 659 3055 mutatioque
681 2967 929 3055 debitoris,·non
951 2968 1116 3035 oredltom‘s
1135 2965 1181 3034 fit.

341 3091 378 3157 L.
395 3093 449 3158 33.
465 3095 520 3177 46,
545 3096 575 3160 2.
607 3092 641 3159 Si
657 3071 758 3160 Titius
776 3095 894 3162 donare
908 3094 987 3160 milri
1002 3093 1110 3160 rolens
1126 3093 1285 3178 delegatus

275 3237 367 3284 ame
391 3217 539 3284 creditori
560 3237 631 3284 meo
655 3219 819 3306 stipulanti
842 3218 1011 3305 spopondit
1034 3267 1041 3282 .
1067 3267 1075 3283 .
1101 3268 1108 3284 .
1134 3269 1142 3285 .

343 3340 384 3407 1).
422 3341 540 3420 Quarta
563 3345 734 3428 sententia,
765 3363 842 3429 quas
865 3338 923 3408 sub
946 3344 992 3426 A,
1008 3333 1078 3408 'snb
1102 3343 1144 3427 B,
1171 3345 1229 3411 snb
1253 3345 1285 3410 G.

274 3465 425 3551 legimus,
455 3467 627 3535 sententias
649 3468 820 3552 eonjungit.
864 3467 965 3544 Quam
988 3467 1176 3534 senteutiam
1198 3463 1286 3534 Hoff-

274 3587 409 3675 mauub,
432 3609 623 3678 quamquam
646 3598 755 3659 euemr
771 3593 876 3658 minus
899 3592 1004 3675 gravis
1028 3609 1067 3658 ex
1088 3591 1129 3658 iis
1152 3598 1211 3678 est,
1232 3594 1286 3678 qni

274 3733 346 3782 eam
367 3714 585 3803 defenderunt,
606 3715 843 3784 distinctissime
866 3717 1026 3802 exposuit:
1058 3805 1065 3816 υ
1404 3689 1405 3698 ¹

272 3881 274 3885 ’
329 3882 350 3947 ¹)
374 3877 529 3951 Hoffmann,
548 3882 677 3952 Beitrage
695 3897 744 3937 zur
761 3879 851 3936 Lehre
867 3892 923 3936 von
940 3879 990 3935 der
1006 3878 1178 3948 Delegation.
1207 3877 1285 3936 Sell's

275 3973 387 4032 Jahrbb.
406 3977 455 4032 ΠΙ.
475 3978 553 4033 1845.
