2834 4780
560 427 720 526 „L

130 607 274 670 statuere
296 619 480 690 possumus.¹
507 602 639 672 Sceoalo
655 601 738 673 XVI.
754 603 924 673 aaaron
936 620 1005 672 eam
1022 609 1146 675 secutus

131 747 204 796 esse
226 724 390 812 videtar¹).
473 755 479 766 ·

167 875 169 880 ·
201 850 290 921 llaec
318 853 472 918 sententia
498 855 664 922 manifesto
688 869 728 922 er
750 875 787 920 eo
807 854 951 942 prolaeta
972 861 1036 940 ast,
1065 855 1148 942 quod

130 978 280 1063 Romani,
304 997 384 1063 quae
408 983 456 1044 est
471 998 580 1044 eorum
594 981 629 1046 in
644 980 833 1067 usurpandis
847 982 989 1068 ipsorum
1002 982 1147 1047 terminis

131 1101 287 1170 aethnicis
310 1101 478 1188 subtilitas,
501 1103 705 1187 delegationis
728 1106 889 1189 negotium
911 1107 1039 1194 proprio
1062 1105 1148 1172 dele·

134 1229 272 1311 gationis
294 1229 420 1295 nomine
437 1225 501 1294 non
516 1223 756 1314 significassent·
779 1231 806 1296 si
821 1231 879 1296 hoc
893 1231 1053 1312 negotium
1068 1228 1148 1296 nihil

134 1351 223 1418 aliud
246 1345 329 1418 ess'et
351 1351 414 1418 nisi
436 1352 586 1438 perfectio
610 1355 688 1420 certi
711 1355 873 1440 cujusdam
895 1354 1047 1422 mandati.
1153 1363 1155 1372 ’

180 1476 320 1554 'Quodsi
352 1472 553 1562 Oujacias'),
587 1478 775 1548 Acaursinm
792 1472 1023 1564 convicturus,
1057 1475 1149 1546 affert

133 1599 318 1670 mandatam
352 1607 384 1670 et
417 1599 594 1686 delegatam
622 1597 874 1687 jurisdictionem
903 1604 1034 1670 eandem
1062 1620 1147 1672 esse:

135 1732 233 1811 enat,
255 1747 330 1793 nam
352 1725 448 1812 quam
471 1728 621 1794 mandata
639 1728 818 1811 jurisdictio
836 1727 936 1812 judici
951 1728 1061 1794 vicarii
1075 1744 1149 1814 per·
1202 1723 1204 1731 ⁴

136 1870 247 1918 sonam
269 1851 390 1918 tribuat
406 1846 585 1936 judicisqae
607 1871 647 1917 ex
672 1873 711 1918 ea
725 1853 881 1918 sententia
894 1871 952 1938 pro
967 1851 1147 1918 mandantis
1217 1835 1220 1838 ¹

136 1977 293 2042 sententia
315 1973 478 2061 habeatur,
500 1977 547 2042 ita
568 1981 604 2042 ui
625 1977 657 2044 in
681 1977 741 2044 hoc
762 1969 837 2042 casu
861 1975 1000 2060 aiodiae
1015 1977 1146 2043 manda-

13 2123 15 2136 *
135 2101 217 2165 tario
233 2100 273 2165 sd
287 2100 490 2167 mandantem
504 2101 668 2187 provocari
683 2113 746 2168 non
761 2095 879 2188 possis
896 2105 1019 2185 conda,
1036 2095 1147 2186 jadex,

136 2225 187 2290 cui
203 2223 346 2308 delegata
356 2224 534 2308 jurisdictio
550 2231 609 2311 est,
629 2227 759 2314 proprio
769 2226 848 2309 jure*
857 2227 1045 2295 sententiam
1060 2223 1147 2310 dicit,

136 2340 182 2416 ita
204 2353 240 2416 ut
263 2349 301 2416 ab
326 2370 362 2416 eo
384 2351 550 2437 provocant
571 2351 672 2438 possit
687 2331 735 2416 ‘ad
758 2349 964 2433 delegantem.

202 2472 297 2540 Haud
324 2475 405 2558 scio,
435 2495 477 2544 an
498 2473 643 2542 Kelleros
670 2472 886 2544 recentissimo
915 2479 1057 2561 tempore
1084 2493 1149 2540 non

139 2601 262 2664 secutas
284 2598 366 2664 hanc
389 2598 576 2666 sententiam
600 2593 681 2680 siff).

191 2809 213 2875 ¹)
237 2809 316 2874 Qtrod
333 2823 368 2863 ex
386 2807 494 2864 duabus
512 2809 618 2864 nauseis
636 2813 762 2879 apparet:
786 2809 911 2878 nmmum,
930 2808 1005 2878 quod
1021 2820 1147 2864 necessa·

138 2906 206 2960 riam
224 2909 331 2962 tantum
349 2919 411 2961 esse
429 2907 496 2962 diait
513 2906 645 2976 triplicem
664 2922 824 2969 consensum,
846 2905 958 2972 deinde,
977 2905 1063 2973 qaod,
1083 2905 1147 2958 affe·

139 3017 200 3058 rens
218 3005 288 3058 1.12.
306 3004 356 3073 46,
370 3007 404 3074 2.,
423 3003 563 3073 delegato,
588 3003 644 3071 qai,
667 3017 751 3070 quum
769 2996 839 3055 falso
862 2999 1013 3056 debitorem
1037 3013 1067 3055 se
1087 3015 1148 3056 esso

139 3104 259 3169 putaret,
279 3099 406 3154 creditori
424 3099 575 3168 delegantis
594 3115 624 3153 so
642 3097 762 3166 delegari
779 3109 877 3166 pessus
894 3102 945 3166 est,
962 3095 1148 3156 condictiones

140 3200 258 3264 tantum,
276 3215 327 3249 aaa
345 3197 460 3250 mandati
477 3203 601 3278 actionem
619 3196 648 3249 in
666 3195 838 3264 delegantem
862 3190 996 3250 bonaedit.
1022 3193 1150 3250 Dubitari

140 3293 222 3362 igitur
245 3307 300 3347 non
325 3297 429 3363 potest,
457 3293 523 3362 quin
551 3293 800 3363 interpretationem
830 3291 939 3361 glossas
966 3297 1078 3349 mantus
1104 3293 1148 3348 sit.

140 3389 258 3446 Duaren.
276 3389 313 3444 ad
329 3390 370 3445 tit.
389 3391 424 3445 do
442 3407 504 3446 nov.
524 3396 552 3446 et
570 3391 657 3460 deleg.
833 3396 836 3402 '

192 3488 214 3555 ²)
238 3487 366 3558 dujsotus
384 3487 420 3542 sd
437 3489 454 3542 l.
470 3489 512 3544 la.
532 3489 584 3558 (46,
598 3489 634 3555 2).

191 3586 213 3653 ⁸)
237 3585 316 3663 Quod
334 3585 444 3655 quidem
461 3583 588 3640 faaiilimo
607 3601 641 3640 ex
659 3585 764 3640 rodone
782 3583 911 3653 cognosci
926 3586 1027 3654 potest,
1049 3599 1104 3654 qua
1120 3585 1149 3640 in

142 3683 324 3752 assignatione
345 3678 535 3738 describenda
541 3683 626 3737 utitem
643 3681 810 3750 (Pandectcn
828 3686 852 3746 5.
865 3681 928 3748 317)
955 3681 1016 3736 an
1033 3682 1149 3752 aceedit,

143 3779 214 3850 qnod
232 3795 283 3834 nec
301 3781 329 3835 in
349 3777 534 3851 „Pandectis,“
553 3795 605 3834 nec
622 3778 745 3849 in-ltbro,
764 3779 811 3848 qui
828 3777 984 3832 inscribitur
1001 3777 1149 3848 „Litiscon-

142 3878 269 3932 testation
280 3878 337 3934 und
345 3875 465 3934 Urtheid
476 3877 512 3933 ad
524 3865 724 3947 delegationem
735 3874 917 3932 demendam
931 3874 1053 3929 mandati
1064 3873 1149 3931 verbo

143 3973 231 4028 utitur.
