2834 4780
703 365 861 464 A..

277 545 366 614 eret?
411 542 493 624 Quid
523 543 550 609 si
578 543 638 608 boo
667 543 700 607 in
722 537 912 623 obligatione
933 539 1018 606 inter
1039 538 1241 623 delegantem
1269 544 1312 606 et

278 668 515 753 delegaturium,
538 671 594 732 aut
615 667 649 742 in
670 670 803 750 utaque
827 664 1162 747 obligationeineldit?
1196 663 1307 748 Quid,

278 795 307 860 si
340 792 577 880 stipulationem
607 791 691 857 inter
719 790 945 874 delegatorium
975 793 1009 856 et
1034 789 1214 872 delegatum
1242 789 1305 856 in·

278 918 414 985 validum
438 936 506 984 esse
529 913 700 1002 appareat?

342 1041 396 1111 Ad
424 1060 519 1126 quam
547 1038 785 1123 dijudiosndam
809 1038 1041 1124 quaestionem,
1069 1037 1146 1124 quid
1169 1038 1214 1104 sit
1233 1057 1299 1105 no·

277 1167 373 1250 rabo,
397 1165 620 1252 explioanulum
642 1167 700 1230 est.

343 1289 478 1356 Neratio
503 1293 552 1355 est
567 1287 780 1374 stipulationis
796 1287 990 1366 constitutio,
1014 1305 1105 1372 quae,
1126 1287 1299 1355 materiem

277 1415 395 1504 prioris
417 1413 583 1497 oujuslibet
606 1411 805 1494 obligationis
826 1412 862 1478 in
882 1431 915 1478 se
931 1411 1116 1498 suscipiens,
1138 1411 1297 1498 inhujus,

278 1559 372 1626 quam
395 1539 488 1623 tollit,
515 1537 715 1620 obligationis
737 1536 841 1604 losum
864 1555 1046 1604 suooessura
1069 1540 1127 1602 est.
1172 1534 1297 1604 Prioris

277 1666 376 1748 igitur
399 1662 599 1747 obligationis
614 1663 761 1728 interitus
776 1662 945 1748 posteriori
960 1660 1150 1744 obligatione
1165 1659 1295 1728 effeetus

278 1809 347 1860 esse
376 1789 517 1873 ridetur,
551 1788 641 1872 quasi
671 1787 916 1854 instrumentum
944 1785 1109 1852 deletionis
1135 1785 1296 1872 posterior

279 1915 320 1980 sit
347 1912 506 1997 obligatio.
549 1911 624 1995 „Ex
652 1912 853 1997 praecedenti
875 1930 976 1978 eausa
1005 1915 1051 1978 ita
1071 1931 1154 1978 nova
1176 1911 1293 1978 eonsti-

279 2037 389 2121 tuitnr,
412 2049 448 2102 ut
468 2036 557 2121 prior
578 2033 784 2123 perimatur.“
814 2035 836 2101 l.
856 2038 884 2100 1.
909 2034 938 2118 ᾅ.
957 2038 986 2102 1.
1010 2035 1089 2120 (46,
1105 2035 1156 2116 2).
1203 2035 1293 2114 Quos

278 2163 525 2228 instrumentrun
558 2160 586 2225 si
620 2159 724 2244 deest,
757 2179 815 2246 per
844 2179 882 2227 so
909 2165 998 2247 patet
1024 2161 1122 2227 etiam
1149 2158 1292 2227 effaetum
1382 2197 1386 2202 ·

278 2287 388 2352 deesse
410 2285 610 2372 prioremque
625 2275 718 2350 'stare
741 2284 979 2367 obligationem
1004 2285 1054 2352 sin
1075 2305 1149 2352 uero
1165 2283 1289 2352 effeetus

277 2409 346 2477 fieri
380 2411 505 2495 nequit,
538 2409 707 2497 praecipue
742 2410 769 2475 si
797 2410 885 2496 prior
915 2409 1063 2492 obligatio
1091 2409 1180 2476 nulle
1206 2405 1288 2492 est),

277 2536 523 2601 instrumentum
551 2535 657 2619 ipsum
684 2555 748 2600 non
770 2533 909 2619 tollitur,
937 2553 1011 2617 ergo
1034 2535 1191 2621 posterior
1213 2533 1287 2600 obli-

280 2659 365 2742 gatio
388 2657 483 2741 ualet,
507 2658 631 2723 etiamsi
653 2656 742 2742 prior
764 2657 912 2740 obligatio
935 2678 998 2724 non
1021 2653 1147 2740 ralet²).

345 2781 430 2852 Idem
459 2779 530 2848 fieri
558 2780 638 2848 solet
665 2781 699 2848 in
727 2779 938 2865 delegationor
968 2783 996 2849 si
1023 2781 1184 2868 stipulatio
1210 2783 1287 2849 inter

282 2940 487 2956 Μ

333 3037 354 3103 ²)
382 3037 425 3093 De
452 3037 586 3096 industrie
616 3039 786 3108 propositum
815 3042 941 3094 nostrum
971 3037 1122 3108 maiorm
1152 3037 1286 3094 reddimus

278 3149 374 3190 ouum
392 3149 464 3202 eum,
481 3135 510 3190 in
528 3151 590 3204 quo,
609 3137 674 3206 quia
691 3136 770 3192 deest
787 3136 908 3193 novandi
922 3137 979 3208 jus,
997 3132 1219 3206 pisor'obligatio
1236 3149 1286 3192 non

280 3229 394 3300 deletur,
412 3230 520 3285 silentio
538 3236 751 3302 praetereuntes

332 3327 353 3395 ²)
377 3327 420 3382 De
438 3327 490 3382 hae
508 3344 537 3382 re
557 3326 650 3384 oonfer
667 3326 802 3398 inprimis:
821 3328 919 3399 Baehr,
938 3327 1146 3400 Anerkennung
1162 3333 1190 3384 et
1201 3329 1284 3398 Brinn,

278 3424 436 3480 Pandeoten
459 3429 483 3490 ξ.
499 3427 558 3480 129.
600 3425 675 3490 Quae
700 3425 809 3496 quidem
836 3424 971 3481 sententia
992 3427 1115 3498 inprimis
1138 3426 1286 3482 defenditur

276 3523 295 3577 l.
310 3525 335 3578 9.
353 3539 394 3590 pr.
414 3523 473 3592 (46,
486 3524 521 3590 2)
539 3527 568 3580 et
585 3524 602 3578 l.
620 3525 662 3580 16.
678 3524 754 3594 eorl,
773 3523 832 3594 ubi,
856 3531 1025 3594 quamquam„
1038 3525 1150 3582 novatio
1168 3539 1224 3582 non
1240 3529 1284 3594 aa,

278 3621 342 3690 quia
358 3620 477 3690 pupillus
496 3625 524 3674 et
542 3622 699 3692 servasius
717 3621 837 3678 novandi
854 3637 910 3678 non
928 3621 1037 3693 habeut,
1055 3628 1148 3678 tamen
1158 3622 1285 3692 posterior

278 3716 408 3786 obligatio
426 3721 489 3771 stat.
518 3717 625 3786 Optime
636 3717 727 3772 Baehr
743 3719 918 3774 novationem
937 3725 1077 3790 comparat
1095 3737 1157 3776 oum
1176 3719 1284 3774 metrali

277 3815 425 3884 solutione,
453 3814 481 3868 in
505 3829 560 3884 qua
583 3815 724 3872 etiamtum
747 3815 896 3873 dominium
919 3815 1030 3888 transit,
1054 3817 1077 3872 si
1099 3815 1166 3872 nihil
1189 3815 1282 3886 subest,

277 3911 351 3982 quod
369 3913 497 3969 solvatur.
