2852 4780
704 435 864 534 „apo-

349 614 382 696 α)
402 612 440 680 L.
459 615 511 684 18.
527 609 556 695 ξ.
574 613 603 678 1.
620 611 688 696 (39,
711 611 759 694 6);
791 611 846 696 „si
874 611 1047 680 donaturus
1075 610 1155 678 mihi
1180 609 1303 676 mortis

280 757 376 806 ennea
397 737 571 806 debitorem
592 739 683 802 tunm
705 736 853 804 creditori
875 755 945 807 meo
961 713 1168 819 delegaveris,
1192 732 1301 800 omni-

281 861 374 928 modo
402 879 513 947 capere
536 859 665 926 videbor
689 863 811 928 tantam
832 860 1016 947 pecrmianr,
1043 861 1161 944 quanta
1183 877 1204 924 a
1225 877 1300 926 ere-

281 985 383 1054 ditore
409 1004 480 1054 meo
508 983 659 1052 liberatus
680 983 779 1053 fuero.
817 983 937 1062 Quodsi
958 982 998 1052 ab
1021 981 1132 1050 eodem
1155 1001 1214 1065 ego
1238 982 1299 1046 sti-

281 1109 408 1196 pulatae
423 1109 523 1194 fnero,
543 1112 672 1178 eatenus
687 1127 800 1194 capere
815 1105 1043 1178 existimandus
1058 1126 1124 1191 ero,
1133 1109 1300 1191 'qnamnns

281 1233 405 1302 debitor
432 1231 579 1302 solvendo
604 1231 716 1298 inerit:
744 1250 819 1299 nam
841 1231 901 1300 etei
924 1229 1134 1298 convaluisset
1157 1229 1299 1298 creditor

280 1357 427 1442 idemque
459 1355 608 1440 donator,
645 1356 835 1422 condictione
867 1359 922 1422 ant
954 1357 988 1422 irr
1016 1355 1142 1443 jactem
1176 1356 1300 1422 actione

282 1480 433 1548 debitoris
455 1448 677 1560 obligationem
699 1477 854 1544 duntaxat
875 1475 1060 1564 reciperet.“

348 1602 384 1670 si
415 1601 600 1670 mandatnm
633 1601 672 1668 de
707 1600 886 1698 stipulando
920 1602 1004 1668 inter
1038 1599 1237 1684 delegantem
1266 1605 1300 1666 et

280 1726 508 1809 delegatarinm
523 1729 718 1794 annerum
734 1729 828 1810 esset,
842 1725 877 1791 id
892 1745 929 1794 ea
944 1724 1085 1792 clancula
1099 1727 1299 1796 cannatum

283 1849 457 1937 putandum
483 1854 582 1934 esset,
612 1853 648 1916 ut
670 1848 879 1933 delegatorio,
906 1849 935 1914 si
956 1849 1111 1916 moriatur
1134 1847 1299 1934 delegans,

282 1975 449 2058 pecuniam
472 1977 614 2040 exactam
637 1973 698 2041 sibi
720 1973 834 2042 habere
856 1973 964 2054 liocat;
990 1978 1110 2058 eontra,
1134 1973 1162 2040 ei
1185 1992 1299 2040 recon-

282 2095 417 2163 valucrit
431 2096 590 2182 delegans,
605 2095 678 2163 hnic
692 2095 813 2164 reddat.
849 2096 932 2175 Quid
946 2097 1044 2180 igitur
1059 2097 1087 2164 si
1101 2095 1301 2164 reconvalnit

211 2313 215 2320 Ι
281 2219 454 2302 delegans?
490 2219 574 2288 Num
608 2220 730 2288 actione
760 2220 902 2288 mandati
929 2220 1076 2304 delegem
1105 2221 1140 2288 id
1166 2221 1298 2308 repetit,

283 2343 366 2430 qnod
399 2343 439 2410 ad
470 2344 696 2429 delegatorinm
725 2365 764 2412 ex
792 2345 917 2428 negotio
947 2345 976 2412 oi
1004 2344 1195 2412 demandato
1222 2364 1299 2431 per·

168 2457 171 2462 ’
285 2469 388 2536 vonit?
409 2467 549 2536 Minime.
583 2468 819 2536 Ocndictionem
840 2470 925 2536 enim
942 2503 984 2517 -
1001 2469 1069 2536 cine
1089 2469 1183 2536 dnbio
1199 2487 1299 2536 canoa

282 2591 357 2657 data
379 2611 474 2658 eausa
495 2611 559 2658 non
581 2597 689 2660 secura
712 2629 754 2642 -
777 2593 828 2660 vel
850 2594 1005 2664 actionem
1027 2594 1062 2660 in
1083 2593 1215 2678 dadum,
1240 2593 1298 2660 de-

281 2713 400 2796 leganti
421 2712 508 2780 locus
530 2714 585 2780 ille
606 2713 726 2782 tribuit.

349 2839 380 2922 b)
401 2837 438 2906 L.
455 2839 508 2906 21.
525 2837 555 2921 §.
574 2840 602 2906 1.
620 2838 693 2923 (39,
715 2838 756 2920 5)
771 2887 779 2905 .
794 2888 801 2904 .
816 2888 824 2907 .
838 2840 886 2922 „ei
908 2839 1211 2910 debitoremmenm
1235 2841 1296 2908 tibi

281 2961 458 3033 donationis
480 2963 667 3049 immodicae
689 2983 783 3030 cenea
804 2963 989 3048 promittere
1008 2965 1102 3049 jneoi,
1203 2985 1297 3032 mene

281 3085 407 3170 quidem
441 3085 564 3154 debitor
598 3087 781 3173 exceptione
813 3089 846 3152 te
874 3091 1018 3170 agentem
1046 3087 1202 3174 repellere
1230 3107 1296 3154 non
1417 3082 1420 3093 “

280 3209 401 3290 potent,
510 3207 565 3276 aad
593 3229 667 3293 ego,
696 3210 806 3276 ai...
829 3209 979 3296 pecuniae
1007 3232 1027 3276 a
1054 3211 1196 3285 debitore
1222 3231 1296 3280 meo

281 3329 425 3414 exegisti,
448 3330 482 3395 in
496 3329 567 3414 hoc,
583 3331 667 3414 quod
680 3332 810 3400 modum
823 3331 902 3416 legis
917 3333 1168 3421 excedit,.habeo
1182 3340 1296 3402 contra

280 3457 312 3520 te
335 3450 585 3522 condictionem.“
1138 3471 1140 3476 '
1208 3473 1210 3478 '

345 3576 435 3656 Quod
458 3577 556 3660 igitur
577 3575 804 3677 delegatarinm
830 3578 916 3662 leges
939 3580 979 3648 de
998 3583 1091 3652 modo
1112 3580 1293 3650 donationis

280 3701 372 3768 datae
388 3704 496 3770 vetant
512 3701 659 3786 retinere,
681 3700 726 3785 id,
750 3702 777 3768 ri
795 3701 864 3785 jam
886 3705 1002 3790 exegit,
1024 3705 1223 3774 condictione
1239 3705 1294 3787 (ex

276 3824 395 3918 injusta
423 3823 547 3908 cansa),
574 3844 637 3890 non
662 3823 802 3891 mandati
825 3827 948 3894 actione
969 3830 1134 3914 repetitur.
1174 3828 1293 3896 Condi-

234 3973 236 3976 ·
279 3949 415 4016 ctionem
448 3953 552 4016 antem
588 3967 627 4018 cx
660 3947 808 4038 mandato
841 3956 913 4018 non
930 3951 1008 4020 oriri
1036 3952 1108 4037 quis
1137 3956 1202 4037 eet,
1223 3953 1293 4038 cni
