2834 4780
568 408 727 512 ...ti-

97 633 107 642 -
132 587 309 664 mandandi
331 589 464 660 eandem
481 589 547 658 rim
569 585 722 660 tribuunt.
758 590 862 670 ouum
875 582 1000 660 veroin
1012 585 1151 663 fontibus

139 735 212 785 cnm
234 715 336 784 solum
357 714 497 800 delegari
517 715 663 802 legimns,
687 717 741 802 qui
762 717 936 803 promissor
949 719 984 785 in
997 739 1080 786 nova
1093 719 1151 788 ob'·

126 839 305 926 ,ligatione,
334 859 398 908 non
426 859 498 907 enm
524 841 638 925 etiam,
667 840 722 925 qui
738 839 917 928 *stlprdetor
942 844 1069 911 foturus
1092 849 1151 931 est,

137 969 384 1032 consentancum
405 969 469 1051 est,
497 963 681 1032 mandatum
704 969 829 1030 tantum
850 957 934 1034 inter
955 966 1152 1048 delegantem

138 1094 173 1156 et
193 1090 433 1176 promissorem,
456 1089 477 1155 i.
494 1109 521 1155 e.
546 1088 725 1172 delegatum
746 1107 826 1173 esse,
849 1090 933 1156 inter
956 1090 1152 1174 delegantem

138 1217 172 1280 et
195 1212 418 1296 delegatorium
434 1217 539 1280 antem
555 1212 730 1299 simplicem
744 1227 933 1282 consensum
947 1215 1151 1283 intercedere.

204 1335 301 1406 Posse
333 1337 527 1405 intercedere
560 1337 745 1404 mandatnm
777 1338 861 1404 inter
894 1337 1091 1422 delegantem
1121 1345 1153 1405 et

138 1459 334 1546 delegatum,
357 1481 421 1530 non
443 1465 663 1530 neceeee‘eeee
685 1462 876 1546 intercedet,
905 1463 1030 1530 saeculo
1052 1461 1150 1530 XVII.

136 1582 353 1669 Peregrinos)
369 1592 401 1652 et
415 1585 631 1670 Schombogen
637 1582 673 1671 ²),
692 1587 861 1654 recentiori
875 1591 1019 1674 tempore
1033 1586 1150 1655 Unter·
1197 1578 1200 1584 ’

138 1705 309 1794 nonnam),
332 1684 407 1776 eom
431 1706 720 1792 transmenso
744 1711 901 1776 creent.

183 1909 216 1976 ¹⁸)
238 1905 356 1979 Pothier,
374 1910 460 1966 Pand.
473 1910 546 1966 Just.

181 2005 214 2073 ¹⁴)
236 2005 334 2061 iustus
351 2007 443 2077 Meter,
463 2006 613 2076 Collegium
630 2005 872 2076 Argentoratense.

182 2103 215 2170 ¹⁵)
238 2101 297 2159 llio·
315 2103 488 2175 Beckmann,
510 2103 629 2160 llednlla
644 2090 830 2160 iustinianea:
857 2105 890 2160 In
909 2103 1082 2174 delegatione
1100 2107 1151 2160 doe

137 2199 323 2256 interveniunt
338 2210 411 2258 acm
423 2204 448 2258 1.
467 2202 514 2272 qui
532 2206 575 2256 cet
592 2208 658 2256 tator
674 2203 830 2274 &hyemem
847 2209 872 2256 ct
888 2203 1044 2275 delegatam
1063 2204 1089 2258 2.
1105 2203 1152 2272 qui

135 2291 205 2352 teter
222 2299 363 2370 corycum
382 2307 406 2354 et
423 2317 478 2354 econ
496 2307 538 2355 coe·
551 2301 590 2370 fit
606 2299 739 2372 deleqotto.
772 2297 853 2352 Prior
873 2297 1075 2368 etiprdationem
1095 2313 1151 2354 non

138 2395 258 2465 requirit,
279 2395 329 2450 sed
349 2396 423 2452 nudo
443 2407 579 2451 consensu
601 2399 735 2468 perficitur
751 2414 802 2466 per·
818 2395 967 2450 medatem
989 2393 1150 2464 delegantis,

138 2491 186 2560 qni
199 2490 281 2562 jubet
296 2491 453 2561 delegatum
471 2492 549 2546 alteri
566 2492 681 2547 solvere.
712 2491 847 2546 Posterior
865 2495 943 2547 aotns
962 2495 1152 2564 stipulatam

138 2585 286 2658 postnlot“
685 2611 688 2618 ¹
887 2623 891 2626 -
1139 2577 1142 2628 ἶ

179 2687 213 2754 ²⁶)
235 2684 374 2742 Holackor
391 2685 514 2742 similiter
531 2685 582 2742 ait:
609 2683 796 2756 „Interoedere
814 2683 897 2742 debet
913 2687 1063 2742 mandatum
1079 2686 1152 2742 inter

138 2783 312 2854 delegantem
330 2789 358 2838 et
373 2781 525 2848 debitorem
544 2779 713 2855 delegatum
729 2789 833 2855 paetum
847 2784 919 2838 inter
930 2783 1092 2838 creditorem
1104 2783 1151 2838 de
1263 2829 1267 2835 .

138 2879 255 2950 legantis
273 2878 491 2950 (delegatmium)
509 2880 736 2950 etdelcgontem3
756 2879 895 2949 stipulatio
906 2881 978 2933 inter
989 2879 1151 2934 creditorem

139 2977 291 3048 delegantis
299 2983 328 3033 et
338 2977 489 3034 debitorem
501 2976 683 3047 delegemm.“
702 2975 839 3045 Principia
846 2975 916 3045 jonis
928 2975 1015 3032 civilis
1033 2980 1058 3041 §-
1070 2976 1150 3031 4103»

181 3077 214 3143 ¹⁷)
237 3077 365 3144 Wening,
383 3073 528 3131 Lchrbnch
546 3079 570 3138 ξ.
584 3074 644 3128 357.

181 3173 214 3240 ¹⁸)
238 3171 396 3240 Schweppe,
415 3167 649 3225 Pandentenrecht
666 3173 690 3234 ς.
704 3169 765 3224 633.

194 3270 215 3336 ¹)
236 3265 408 3338 Peregrinus,
418 3259 602 3324 'Mannductic
619 3282 670 3338 per
685 3265 882 3323 Institutiones.

192 3366 215 3434 ²)
239 3364 437 3437 Schambogem
455 3366 484 3421 in
500 3367 589 3423 Instit.
1000 3383 1002 3390 ’

192 3464 214 3532 ³)
238 3459 441 3534 Unterholzner,
460 3453 743 3522 senmdverholrnisse
754 3463 776 3532 Ι,
788 3477 815 3531 p.
826 3461 879 3518 630
889 3461 961 3517 hanc
973 3475 1051 3518 eoam
1063 3453 1152 3531 noent

139 3561 315 3617 sententiam:
336 3562 403 3632 „Dic
417 3560 691 3631 Sohnlderneuerung
707 3559 779 3616 mute
795 3559 935 3616 ontwoder
945 3575 982 3616 an
994 3559 1052 3616 sich
1064 3558 1152 3614 solbet

139 3659 224 3714 echon
245 3659 290 3714 cin
308 3659 427 3728 gtiltigee
439 3658 664 3715 Vcrzichtleisten
682 3658 732 3713 des
749 3656 905 3728 bisherigen
922 3656 1085 3726 Glauoigers
1104 3655 1155 3712 auf

139 3757 233 3812 seinen
251 3755 397 3826 Anspruch
415 3755 578 3825 enthalten‚·
590 3755 657 3810 oder
674 3770 705 3810 os
719 3752 800 3810 mute
823 3755 867 3810 ein
891 3754 997 3810 colchas
1015 3754 1086 3810 noch
1102 3753 1150 3809 bc-

139 3853 253 3910 eonders
275 3853 486 3912 hinnrkommen
505 3891 619 3909 .......
623 3851 636 3880 “
675 3853 782 3923 „wem
802 3851 887 3907 durch
905 3852 958 3908 den
976 3852 1150 3921 Neucrungs·

138 3955 249 4020 vertrag
270 3950 319 4006 der
339 3950 485 4022 Ansproch
507 3948 558 4008 aur*
577 3950 657 4004 cinon
680 3949 800 4006 anderen
823 3947 973 4020 (iltubiger
993 3947 1149 4017 dbergehen
