2852 4780
585 401 743 498 Q

153 581 194 643 ut
215 577 249 644 in
269 596 345 643 casu
365 574 517 662 normali,
538 577 605 644 lere
621 558 771 644 adversus
786 577 1000 666 delegantem,
1022 579 1169 666 delegans
1279 582 1281 588 ’

155 707 263 768 autem
287 701 437 767 adversus
460 701 687 784 delegatorium
709 723 802 786 agere
825 704 927 771 debet.

223 825 435 912 Excipiuntur
456 826 503 891 illi
525 831 649 892 tantum
672 847 763 894 oasus
785 829 820 894 iu.
841 829 971 914 quibus,
994 849 1066 896 cum
1082 850 1170 898 mera

155 949 361 1032 delegationis
389 955 504 1026 natura
531 951 677 1018 utilitatis
701 951 750 1028 vel
773 953 939 1040 aequitatis
962 972 1057 1020 eausa
1078 955 1169 1040 paul-

155 1075 258 1140 lulum
284 1075 451 1141 immutata
480 1077 537 1160 sit,
572 1076 794 1162 stipulatioque
821 1077 905 1145 inter
934 1076 1112 1160 delegatum
1139 1084 1170 1145 et

157 1199 384 1281 delegatarium
425 1204 586 1266 contracta
624 1221 664 1266 ex
701 1202 804 1268 causis
823 1187 984 1287 ¹pristinis
1023 1202 1169 1288 pendeat,

158 1322 245 1388 aliud
259 1322 344 1408 quid
367 1326 519 1388 statutum
543 1320 629 1406 est¹).

619 1500 648 1583 ξ.
673 1504 703 1567 8.

552 1623 594 1689 Ε.
622 1623 769 1691 Sammo.

225 1766 379 1845 Quoniam
400 1767 499 1850 igitur
521 1766 784 1834 demonstravisse
806 1769 971 1854 putamus,
997 1768 1039 1834 ad
1061 1789 1169 1836 omnes

157 1912 265 1975 casae,
287 1891 486 1978 paragrapho
507 1892 612 1978 prima
633 1891 726 1976 hujus
748 1892 850 1978 partis
873 1900 1088 1978 enumeratos,
1117 1913 1169 1960 ea-

158 2017 230 2082 dem
246 2015 348 2082 valere
363 2021 547 2102 praecepta,
569 2018 663 2100 atque
679 2016 718 2082 ad
734 2035 841 2082 casum
855 2017 1045 2102 normalem,
1061 2037 1169 2084 omnes

157 2140 228 2206 illos
256 2160 347 2206 casus
375 2160 439 2206 uon
467 2141 572 2206 minus
601 2161 692 2206 veras
716 2161 784 2206 esse
808 2139 1018 2224 delegationes
1042 2148 1169 2210 conten-

158 2264 278 2349 dimus,
309 2269 402 2349 atque
431 2284 537 2330 casnm
566 2263 751 2328 normalem.
797 2263 874 2329 Jure
904 2265 1002 2346 igitur
1022 2264 1082 2330 hoe
1105 2269 1177 2331 sta*

111 2440 113 2444 .
157 2393 246 2454 tuere
273 2388 363 2454 nobis
390 2387 481 2470 licet,
510 2386 738 2468 delegationem
761 2387 979 2472 stipulatione,
1008 2407 1026 2452 a
1049 2387 1170 2456 duabus

156 2512 317 2600 personis,
339 2532 379 2576 ex
394 2509 554 2576 volumtate
572 2510 686 2576 tertiae
700 2509 862 2595 cujusdam
876 2531 1054 2598 personae,
1068 2533 1105 2580 ea
1119 2515 1170 2580 in-

157 2637 297 2704 tentione
326 2637 406 2704 inita
428 2635 598 2719 contineri,
627 2639 663 2701 ut
691 2634 893 2720 stipulatione
922 2642 1083 2704 contracta
1111 2638 1169 2704 du-

157 2761 248 2848 plex,
271 2762 361 2846 quasi
384 2759 617 2856 compendiaria
640 2759 708 2844 via,
729 2759 875 2827 rideatur
898 2759 1007 2826 effecta
1031 2782 1098 2827 esse
1114 2762 1170 2827 da-

158 2887 202 2952 tio
221 2871 245 2950 ‘a
265 2886 457 2971 promissore
480 2884 520 2949 ad
543 2883 701 2968 Tertium,
725 2883 864 2949 aTertio
888 2883 928 2948 ad
951 2884 1170 2970 stipulatorem

157 3009 307 3097 profecta.
353 3008 441 3073 Tunc
472 3007 572 3091 enim,
608 3027 704 3091 quum
738 3010 770 3072 et
797 3006 914 3094 duplex
947 3008 1031 3073 datio
1061 3007 1170 3074 effecta

159 3153 227 3198 esse
249 3131 411 3216 videatur,
440 3135 471 3197 et
500 3130 661 3216 stipulatio
691 3150 813 3216 quoque
837 3136 937 3216 extet,
966 3132 1028 3198 dici
1049 3138 1169 3219 potest:

158 3257 288 3344 perinde
312 3261 376 3341 est,
405 3275 442 3321 ae
471 3255 507 3336 si
521 3255 646 3320 Tertius
670 3259 831 3340 acceptam
860 3276 878 3322 a
900 3258 1091 3342 promissore
1112 3278 1169 3343 pe-

158 3382 282 3448 cuniam
311 3379 490 3467 stipulatori
519 3378 657 3463 dederit,
686 3378 737 3445 hio
765 3384 870 3446 autem
894 3400 962 3446 eam
984 3381 1170 3466 promissori

157 3505 335 3572 crediderit.

162 3620 369 3630 nu·—

215 3663 233 3729 1)
259 3660 300 3716 uf.
314 3663 332 3716 l.
344 3662 368 3717 7.
382 3677 423 3730 pr.
435 3665 463 3716 et
477 3661 527 3725 §.1
543 3660 597 3730 (44,
612 3661 654 3730 4),
673 3661 691 3714 l.
702 3661 746 3715 39.
756 3677 796 3729 pr.
813 3661 866 3731 (24,
882 3663 918 3731 1),
936 3663 954 3716 l.
969 3663 993 3717 7.
1008 3679 1049 3732 pr.
1065 3663 1118 3732 (12,
1131 3665 1169 3732 4).

158 3759 232 3825 Quae
255 3759 444 3829 exceptiones,
474 3771 614 3812 eumnon
637 3759 792 3813 universam
816 3759 996 3827 delegationis
1019 3759 1170 3815 doctrinam

158 3857 369 3927 explanandam,
393 3856 443 3912 sed
463 3860 569 3911 tantum
587 3855 766 3925 delegationis
783 3855 921 3910 notionem
938 3853 1039 3912 finrlrus
1057 3857 1169 3912 circum-

158 3951 330 4007 scribendam
347 3954 413 4008 mihi
424 3953 619 4024 proposuerim,
638 3954 747 4022 omitm:
766 3952 803 4006 ad
813 3953 981 4022 propositum
994 3953 1066 4008 enim
1078 3969 1170 4010 meum

157 4048 317 4122 principalia
334 4049 512 4120 delegationis
529 4049 669 4107 decumae
686 4051 851 4107 lineamenta
868 4047 1014 4106 sufficiunt.
