2852 4780
561 396 721 494 ...⁵3-

115 651 120 659 ,
134 569 383 659 stipulationem,
406 570 446 638 eb
459 571 530 658 ineo
544 575 750 658 eonneetem,
769 570 958 640 eolntlenem
972 591 993 640 o
1005 568 1148 656 delegato

134 693 304 778 deleganti·
320 695 439 770 motem
457 710 543 782 mee,
571 696 829 784 delegentemqne
850 715 871 764 e
892 695 1035 780 delegato
1055 715 1147 764 enum
1184 691 1186 702 ’

134 821 304 907 reoepieee.

205 943 236 1025 d)
271 942 309 1010 Si
335 944 416 1010 ratio
443 944 526 1012 inter
548 943 745 1028 delegentem
772 948 806 1011 et
826 943 1054 1028 delegetednm
1074 962 1149 1014 vere

137 1071 224 1136 esset
245 1067 442 1153 mandatum,
464 1069 571 1136 omnio
592 1085 630 1136 ee
651 1069 735 1138 inter
757 1089 810 1136 eoe
831 1069 984 1156 valerent,
1007 1087 1089 1156 quoe
1110 1075 1150 1136 e'x

131 1190 208 1276 jnre
236 1190 378 1258 mandati
407 1193 497 1278 quasi
524 1191 720 1280 profluente.
736 1191 934 1276 delegantem
960 1193 1058 1277 igitur
1080 1195 1150 1262 iere

135 1315 364 1400 delegatorium
392 1315 572 1384 indemnem
597 1321 759 1403 preeeter'e
788 1321 964 1403 oporteret,
991 1316 1150 1401 deleme·

135 1439 247 1526 rieqre
264 1439 319 1508 de
354 1459 405 1508 ee„
418 1460 454 1508 re
487 1441 629 1510 mandeti
654 1442 814 1509 eontentio
840 1446 1034 1528 oompetoret
1055 1443 1150 1528 eodo,

131 1563 309 1648 jentieeime
332 1564 416 1634 enim
439 1570 676 1652 proonroto'rem
698 1565 846 1650 ellegere,
868 1585 934 1633 non
954 1566 1053 1636 fuioee
1068 1586 1102 1634 ee
1116 1565 1151 1634 id

138 1687 291 1756 damnum
317 1707 504 1776 passurum,
532 1690 560 1756 ei
588 1689 622 1754 id
648 1688 833 1756 nmndotnm
865 1709 929 1756 non
959 1691 1151 1776 suscepisset

137 1811 174 1880 in
195 1812 218 1878 l.
235 1813 276 1880 61
301 1810 331 1894 l.
347 1812 380 1880 5.
404 1812 477 1897 (47,
499 1812 539 1894 2)
566 1813 760 1898 invenimus,
792 1811 1018 1896 delegnterium
1045 1816 1152 1880 entem

139 1955 234 2004 omne
255 1935 391 2020 id,'qmo
414 1957 455 2005 ex
476 1937 619 2004 mandeti
639 1937 824 2004 exeontione
844 1935 1030 2024 loeupletior
1050 1936 1152 2006 totus

141 2064 208 2144 eet,
231 2058 388 2143 deleganti
409 2060 540 2128 reddere
563 2066 733 2149 oporteret,
756 2061 974 2148 delegantiqne
996 2061 1036 2128 de
1058 2079 1096 2128 ee
1117 2081 1152 2130 re

140 2183 286 2253 mandeti
305 2184 387 2253 aetio
400 2184 523 2254 direoto
536 2191 736 2274 oompeteret.
765 2185 803 2254 In
816 2186 955 2256 fontilone
969 2205 1045 2256 vero
1059 2197 1152 2272 proe-

134 2312 233 2396 -oopte
254 2309 432 2378 invenimus
454 2310 581 2378 heeooe:

164 2433 200 2516 α)
223 2432 305 2511 Quid
327 2433 429 2502 fontes
451 2435 659 2521 praeeipitem,
682 2434 711 2500 ei
733 2432 943 2518 delogeterine
966 2431 1153 2520 emelinde·

223 2556 308 2626 tione
331 2557 554 2626 detrimentum
575 2557 659 2624 feeit.
1137 2611 1141 2619 ,

251 2689 305 2772 oo)
327 2684 350 2750 l.
366 2685 420 2752 68.
443 2682 472 2766 ξ.
488 2685 517 2750 1.
533 2684 600 2768 (21,
613 2682 657 2764 2).
686 2681 842 2767 eredioor,
864 2681 919 2768 qui
940 2701 998 2770 pro
1020 2681 1155 2769 peonnie

326 2829 441 2877 nomen
455 2807 607 2876 debitoris
620 2828 678 2894 per
693 2807 921 2891 delegationem
932 2805 1022 2890 sequi
1031 2805 1154 2890 meluit,

327 2934 439 3002 evietie
452 2933 649 3018 pignoribus,
672 2950 752 3014 quoe
767 2930 856 3016 prior
870 2927 1154 3013 orediterooeepit,

273 3109 278 3118 .
328 3057 449 3124 nullm
471 3055 629 3122 eotionem
653 3072 725 3120 enm
755 3071 810 3136 eo,
839 3051 906 3137 qui·
921 3049 1073 3120 liberetne
1095 3055 1155 3136 eet,

330 3179 467 3246 hebebit.
1026 3185 1028 3192 ’

210 3305 303 3376 Petet
324 3323 438 3372 nomen
460 3301 639 3386 delegerim
660 3300 855 3388 pignoribus,
878 3318 958 3386 queo
977 3299 1068 3385 prior
1085 3317 1154 3366 ore·

146 3433 229 3500 ditor
262 3433 445 3517 oooeperet,
481 3428 516 3494 in
549 3445 692 3512 qneeqne
724 3425 935 3509 delegeturiue
969 3424 1156 3492 enooeeeieee

145 3557 286 3640 videtur,
318 3553 478 3623 munitum
510 3551 619 3620 iniere.
658 3549 867 3618 -lleniieetnm
895 3553 1001 3616 eutem
1029 3551 1077 3618 eet
1104 3547 1157 3615 hio

145 3680 373 3764 delegeterium
396 3697 467 3746 oem
489 3675 589 3744 eolnm
611 3677 652 3744 ob
674 3695 819 3743 oenseem
838 3694 881 3742 ex
894 3655 1056 3742 voluntate
1070 3671 1155 3742 dele·

9 3867 19 3903 r
147 3805 250 3889 gentis
273 3801 458 3896 stipuletum
481 3820 566 3886 esee,
594 3801 678 3886 quod
699 3799 884 3888 pignoribus
906 3801 1010 3864 tutum
1033 3815 1067 3864 ee
1088 3795 1157 3864 lere

9 3915 13 3940 '
149 3929 303 4016 speravit,
325 3928 510 4014 pignoribus
524 3926 621 4010 igitur
636 3925 757 4010 emotis,
779 3921 1018 4006 delegemrium,
1041 3921 1157 3988 rivere
