2852 4780
549 433 710 534 A

99 614 217 696 osset,
238 609 267 677 si
287 613 356 678 tum
379 628 514 696 quoquo,
537 627 634 694 quum
650 612 888 697 promitteretur
903 611 971 696 dos,
993 609 1137 700 loeuple's

99 732 264 802 fnisset.“

179 858 255 926 Hoo
283 856 351 924 looo
377 856 529 941 meritus,
559 858 652 924 oxori
680 855 870 945 donaturus,
892 860 1022 928 vetitum
1050 861 1136 930 inter

101 982 224 1048 virum
258 987 291 1048 ot
318 981 450 1047 uxorem
479 979 699 1066 ommonem,
725 983 762 1048 in
788 981 932 1052 nondum
957 983 1054 1070 legis,
1088 986 1134 1051 its

100 1103 278 1192 perficere
304 1107 452 1188 oonetur,
484 1107 521 1170 nt
554 1104 726 1172 debitorem
754 1106 915 1192 mulieris,
948 1127 1041 1193 quom
1068 1127 1134 1174 non

102 1227 270 1294 solvendo
292 1247 362 1296 esse
384 1227 468 1294 haud
489 1227 625 1313 ignoret,
647 1249 706 1315 por
728 1229 956 1313 delegationem
977 1231 1012 1296 in
1027 1229 1133 1298 dotem

104 1351 263 1438 aooipist.
306 1350 376 1428 Quo
407 1350 546 1416 donandi
578 1352 699 1418 rationo
728 1372 785 1420 our
811 1354 945 1420 moritus
974 1373 1050 1420 usus
1079 1353 1133 1438 sit,

103 1479 185 1540 tnm
213 1475 341 1542 domum
367 1473 544 1558 intelliges,
571 1475 599 1541 si
627 1477 801 1562 sumpseris
829 1477 897 1544 fero
925 1477 1033 1544 meriti
1062 1496 1131 1544 osse

105 1597 293 1682 perieulum
313 1598 451 1664 nominis
473 1598 509 1662 in
529 1597 636 1664 dotem
659 1598 809 1681 delegati:
835 1599 915 1667 nihil
937 1601 1022 1666 enim
1044 1598 1132 1665 uliud

107 1721 183 1803 egit
197 1721 342 1805 meritos,
364 1721 427 1786 nisi
441 1719 532 1804 iilud,
555 1725 591 1786 nt
605 1721 686 1806 ipse,
709 1721 811 1786 soluto
830 1721 985 1805 coningio,
1000 1726 1131 1802 oogotnr

106 1843 152 1908 nd
178 1843 264 1930 ptus,
288 1863 383 1928 quom
405 1844 573 1929 ooooporit,
595 1843 799 1910 reddendum.
833 1842 934 1927 Quod,
957 1843 1131 1929 siporiou-

105 1966 183 2032 lnm
205 1967 343 2032 nominis
366 1965 407 2031 ud
428 1966 593 2033 moliorem
614 1967 797 2053 pertineret,
822 1985 886 2033 non
908 1966 1000 2032 utitor
1021 1985 1131 2032 oonso-

108 2091 171 2175 qni
199 2093 323 2175 posset,
352 2088 415 2155 nisi
434 2090 669 2175 'pnoisoeretur,
697 2109 739 2158 ne
761 2092 804 2158 sit
823 2090 966 2178 perioulo
987 2089 1131 2158 mulieris

107 2231 232 2280 nomon
259 2213 409 2280 debitoris
434 2213 468 2280 in
491 2213 596 2281 dotem
618 2213 769 2299 delegati,
800 2215 884 2300 qnod
907 2214 1039 2280 maximi
1061 2233 1130 2280 mo·

108 2338 215 2405 menti
248 2343 395 2424 paetum,
428 2357 500 2404 oum
532 2338 695 2404 noverbo
730 2336 856 2422 quidem
889 2337 957 2404 looo
986 2335 1130 2404 allatos

105 2461 336 2544 jurisoonsulto
360 2463 544 2544 attingatur,
566 2479 630 2527 non
649 2461 864 2528 intsroessisse
878 2459 1054 2546 putendum
1069 2463 1128 2526 esu

182 2583 431 2652 Jnrisoonsoltns
458 2585 556 2668 igitur
584 2583 622 2651 de
651 2584 710 2650 huo
738 2584 921 2668 donatione,
950 2603 1031 2669 queo
1056 2601 1128 2652 oum

111 2707 198 2776 dotis
221 2709 443 2776 constitutione
465 2708 630 2792 oonjnnoto
652 2713 685 2774 et
707 2727 745 2776 es
765 2707 856 2792 quasi
871 2706 975 2773 volatu
992 2706 1027 2772 in
1040 2706 1127 2774 fron·

112 2833 189 2900 dem
215 2832 294 2916 logis
316 2833 400 2900 teoto
422 2838 483 2918 est,
504 2833 563 2899 hoo
586 2831 710 2899 statuit:
739 2851 811 2898 oum
835 2830 902 2913 ejus
924 2833 1048 2896 tuntum
1070 2850 1126 2915 pe·

112 2956 225 3024 eunium
248 2956 374 3024 donatio
396 2956 480 3022 fosta
503 2956 555 3039 sit,
579 2975 659 3040 quoe
682 2973 701 3020 a
721 2954 913 3040 promissore
929 2951 1050 3018 servari
1063 2970 1127 3018 non

111 3078 269 3165 potuerit,
297 3078 390 3161 hujus
418 3077 570 3162 poormioo
596 3076 772 3162 perieulum
800 3075 840 3142 ud
865 3074 1030 3142 mulierem
1051 3095 1126 3162 por-

111 3203 233 3282 tinere;
266 3201 307 3266 ed
340 3220 410 3280 sam
437 3219 512 3266 vero
545 3219 718 3284 summam,
752 3220 846 3285 qnam
873 3199 1041 3286 aliqnando
1068 3220 1126 3286 per

112 3331 239 3412 tompus
262 3323 409 3409 conjugii,
432 3344 504 3392 oum
525 3324 698 3411 plurimum
711 3325 856 3392 habuerit
871 3323 1012 3392 solvendi
1026 3323 1125 3391 tnoul-

113 3448 205 3534 tutis‚
233 3449 407 3535 promissor
435 3449 558 3516 solvere
583 3451 811 3536 potuerit,.-
838 3449 956 3536 quippe
983 3467 1056 3515 oum
1084 3447 1126 3514 ud

115 3591 184 3640 eom
212 3572 367 3639 duntaxat
393 3591 546 3640 summam
571 3573 652 3640 dotis
675 3592 771 3640 oense
790 3573 911 3657 voleat,
935 3607 976 3620 -·
998 3570 1124 3659 porion·

115 3697 179 3763 lum
202 3678 271 3765 esse
293 3695 410 3763 meriti.

181 3821 266 3900 Quae
290 3819 508 3906 jurisoonsnlti
534 3819 689 3889 sententia
710 3820 847 3890 absurdo
866 3819 1006 3908 profeoto
1030 3824 1123 3899 osset,

115 3943 175 4010 nisi
198 3945 305 4010 mariti
325 3944 392 4012 fors
406 3943 582 4031 perieulum
596 3946 733 4040 nominis
749 3950 846 4026 esset3
869 3945 897 4012 si
912 3945 997 4012 onim
1010 3943 1123 4010 mulis-
