2852 4780
708 411 866 510 ...⁸5-

283 590 343 660 hoa
364 590 462 676 igitur
484 587 679 677 stiprdatoris
701 588 876 655 intentione
893 605 1020 655 neeesse
1036 591 1095 672 est,
1118 583 1309 655 conditione
1406 581 1407 614 ³

284 715 455 800 existento,
485 714 659 801 perieulum
683 713 838 797 nominis,
868 711 926 779 sub
949 709 1126 780 oondltiono
1149 711 1309 798 delegati,

284 839 468 924 delegaturii
491 859 571 924 esse,
592 838 723 925 perinde
746 857 783 906 ao
807 838 834 905 si
858 837 897 903 ab
919 836 1010 904 initio
1032 856 1111 924 pure
1127 836 1309 924 stipulatus

284 965 342 1049 ait,
373 983 431 1032 nee
462 963 560 1030 ullam
594 962 634 1030 ad
667 963 855 1050 perioulom,
872 979 940 1030 esse
975 957 1184 1030 differentiam
1211 961 1308 1028 inter

283 1088 511 1173 delegationem
533 1067 775 1166 conditionalem
797 1092 830 1155 et
850 1103 974 1174 puram.

349 1211 466 1280 Paulus
488 1217 592 1280 autem
616 1201 723 1299 putet,
744 1211 911 1296 maritum,
935 1210 990 1295 qui
1012 1209 1118 1278 dotem
1140 1207 1198 1278 sub
1220 1228 1304 1277 oon·

283 1337 401 1404 ditione
431 1336 616 1422 stipuletur,
642 1337 724 1403 velle
750 1334 941 1404 ,uenditionis
963 1333 1128 1402 existentis
1150 1331 1304 1402 effoetum

283 1460 386 1546 quoad
408 1460 583 1547 perieulum
604 1464 674 1526 tum
696 1461 789 1526 modo
804 1459 883 1546 pati,
907 1459 1104 1526 sienistente
1119 1457 1304 1526 oonditione

283 1604 397 1652 nomen
419 1584 559 1651 nondum
580 1584 671 1672 pejus
692 1585 820 1652 foetum·
834 1584 887 1668 sit,
910 1603 1005 1669 quam
1027 1584 1118 1650 initio
1140 1583 1246 1652 fuerit.

350 1709 454 1789 Quum
476 1714 582 1776 autem
604 1709 682 1776 haee
704 1709 802 1774 enimi
824 1707 969 1792 intentio,
992 1705 1219 1793 quamPaulns
1238 1707 1302 1774 sti·

282 1834 420 1922 pulatori
441 1834 564 1920 tribuit,
587 1853 627 1901 ex
649 1833 752 1920 ipsius
774 1831 962 1899 conditionis
984 1835 1099 1898 natura
1119 1851 1183 1898 non
1199 1829 1302 1918 profi-

282 1959 434 2043 oieeetur,
468 1977 531 2024 non
565 1957 643 2024 mihi
672 1956 799 2024 videtur
832 1955 941 2040 regula
973 1956 1008 2022 in
1041 1955 1111 2038 lege
1131 1955 1187 2021 41.
1209 1953 1238 2037 ἐ.
1262 1957 1300 2022 3.

282 2082 350 2168 (23,
374 2081 418 2164 3.)
443 2080 518 2148 data
539 2081 581 2148 ad
604 2080 682 2146 alias
704 2079 916 2163 delegationos
931 2079 1164 2148 transferendas
1187 2079 1300 2163 singu-
1339 2130 1347 2140 ,

280 2205 358 2272 laris
387 2205 493 2292 potius
514 2204 593 2272 mihi
617 2205 741 2273 videtur
764 2203 873 2288 regula
895 2223 980 2288 esse,
1010 2204 1162 2289 singultu
1184 2203 1299 2270 matri-
1406 2273 1407 2292 1

281 2331 379 2399 monii
401 2331 509 2400 favore
532 2327 676 2399 eondata.
703 2357 709 2366 “

347 2456 393 2524 At
418 2475 493 2524 vero
522 2456 582 2524 hae
609 2457 698 2543 ipso,
726 2473 807 2542 quae
834 2454 903 2538 lege
925 2454 980 2522 41.
1004 2452 1033 2538 ξ.
1050 2455 1082 2522 3.
1105 2452 1296 2540 continetur,

281 2580 465 2665 exceptione
494 2580 698 2665 universalis,
726 2597 822 2665 quam
850 2598 947 2666 supra
974 2579 1158 2665 statuimus,
1185 2577 1298 2662 regula

281 2701 497 2771 confirmatum
521 2705 548 2770 si
572 2705 656 2772 enim
677 2703 855 2773 aoouratius
878 2721 948 2770 eam
972 2703 1075 2787 legem
1093 2703 1296 2791 perspexeri-

280 2847 368 2915 mus,
397 2849 437 2898 ex
460 2849 497 2897 ea
518 2847 577 2916 per
599 2829 902 2914 argumentationem
925 2849 946 2895 e
967 2829 1124 2896 eontrario
1147 2829 1296 2912 oolligere

280 2953 466 3040 poterimus,
488 2954 595 3022 mariti
616 2955 685 3022 iere
706 2973 775 3021 osse
797 2952 973 3041 perieulum
995 2953 1132 3026 nominis
1147 2951 1294 3035 delegati.

280 3074 423 3163 Namque
452 3079 480 3145 si
507 3099 545 3147 ea
575 3079 686 3164 verba,
719 3097 800 3164 quae
826 3079 989 3166 pertinent
1014 3079 1056 3146 a'd
1083 3077 1295 3146 oonditionem

280 3199 473 3286 elisorimus,
499 3199 559 3268 hoo
585 3202 727 3289 praeeipi
753 3202 982 3286 intelligemus:
1019 3202 1118 3288 ,sia
1152 3201 1294 3269 debitore

280 3323 422 3392 mulieris
450 3323 507 3391 doe
534 3325 754 3412 promittatur,
785 3325 961 3412 perieulum
984 3326 1025 3394 ad
1047 3326 1197 3394 maritum
1219 3343 1294 3412 per·

280 3449 382 3516 tinere
403 3446 538 3535 plauet.“
