2852 4780
636 415 679 482 85

151 699 194 770 C.
226 699 281 770 De
303 697 527 786 stipulatione
549 700 639 768 teter
661 697 909 787 delegatae-irem
924 707 958 766 et
974 694 1166 786 delegatum

566 833 755 890 connecto.

538 1053 539 1056 κ
600 954 698 1083 oo.

497 1161 527 1227 1.
562 1115 821 1244 Introduotio.

218 1338 261 1408 Ut
283 1339 317 1408 in
333 1357 409 1416 eeeu
423 1337 568 1425 normali,
590 1339 637 1406 ito
650 1340 684 1406 in
699 1339 739 1406 iie
755 1339 852 1408 etiem
867 1338 1004 1424 omiliae,
1026 1338 1080 1424 qni
1091 1335 1121 1421 d.
1134 1339 1163 1409 1.

148 1467 391 1550 enumerantur,
425 1463 636 1548 delegatorios
669 1469 701 1532 et
733 1463 895 1548 delegatas
929 1461 1164 1551 stipulationem

80 1650 83 1654 .
148 1589 413 1675 oontempletioao
427 1589 554 1673 tertiae,
575 1588 760 1672 delegantis,
783 1607 948 1689 personae,
966 1588 1166 1672 nomimant,

149 1713 427 1800 stipulationieque
441 1731 554 1780 oeueao
569 1712 651 1779 duae
665 1715 752 1778 sunt:
776 1731 841 1778 ornew
854 1710 1050 1796 delegatorii,
1066 1712 1166 1780 altero

149 1837 297 1922 delegati.
335 1837 387 1906 Ad
416 1857 469 1904 eos
497 1836 596 1932 igiter
618 1843 727 1920 oaoue',
756 1853 854 1920 aeque
877 1839 971 1920 etque
994 1836 1035 1901 ed
1057 1854 1165 1904 oneum

148 1962 337 2046 normalem,
358 1959 438 2028 illod
452 1959 679 2028 Wiadeeheidii
699 1960 851 2046 pertinet:
877 1958 958 2044 „Die
974 1959 1165 2048 Stipulation
1259 1996 1261 2002 ·

148 2087 208 2154 hot
229 2085 334 2154 wodor
355 2085 408 2152 fier
429 2083 609 2170 Delegotor‚
632 2083 712 2151 noeh
735 2084 786 2150 fir
807 2084 942 2170 Delegat
964 2086 1034 2154 eino
1052 2085 1164 2154 talbot

147 2210 295 2304 ettndige
317 2209 502 2292 Bedeutong
523 2211 557 2276 in
579 2208 680 2276 ihrem
704 2208 895 2277 Verhtltnils
918 2232 958 2276 zu
981 2208 1162 2278 einander.“
1244 2234 1247 2239 ·

149 2335 370 2420 Delegatoriue
394 2335 489 2419 enim,
512 2353 701 2419 quemquam
725 2333 904 2418 adelegoto
921 2334 1090 2421 stipulatus
1106 2339 1165 2420 ost,

150 2461 210 2528 heo
236 2464 343 2526 tamen
365 2459 418 2526 via
444 2469 508 2525 non
535 2457 736 2542 adelegem,
763 2457 819 2525 eed
842 2479 861 2524 a
883 2457 1047 2543 delegante
1069 2478 1164 2547 peon·

150 2586 236 2652 niam
252 2581 399 2670 donandi,
415 2583 572 2668 credendi,
588 2581 768 2650 solvendive
783 2601 878 2650 musa
893 2584 1033 2672 deripere
1049 2583 1164 2666 voluit3

153 2709 313 2794 delegatus
336 2698 458 2795 antem,
487 2727 676 2795 quemquam
700 2705 893 2792 delegatorio
915 2709 1078 2796 premisit,
1105 2689 1165 2778 hae

152 2838 258 2902 nmen
279 2835 333 2902 via
352 2853 416 2902 non
439 2833 642 2918 delegatione,
665 2833 722 2899 sod
744 2832 902 2916 deleganti
924 2833 1090 2918 peouniem
1108 2833 1164 2898 do·

151 2957 264 3043 nandi,
291 2958 439 3025 credendi
467 2957 648 3024 solvendive
676 2973 788 3022 eonem
816 2955 893 3022 dare
921 2955 1031 3024 voluit.
1078 2953 1165 3040 Ergo

151 3102 214 3151 non
237 3082 339 3163 magio
360 3081 423 3164 hie,
446 3099 542 3164 quem
563 3081 597 3146 in
620 3097 696 3148 oaou
718 3077 916 3146 normaliad
938 3078 1164 3163 delegatorium

150 3205 290 3294 pertinet
315 3205 413 3290 ratio,
445 3224 525 3291 qnae
553 3203 696 3286 delegato
724 3222 796 3270 oum
823 3203 986 3286 delegante
1013 3209 1078 3290 eet,
1106 3225 1166 3274 neo

150 3329 253 3412 magle
281 3329 424 3412 delegato
452 3329 533 3397 ratio
559 3330 643 3396 inter
665 3327 861 3411 delegantem
884 3333 916 3396 et
938 3329 1172 3414 delegatorinm

151 3453 291 3528 odiendo
313 3457 371 3520 eet.
405 3453 506 3538 Igitur
528 3473 567 3520 ne
589 3453 642 3520 hio
659 3453 787 3540 quidem
801 3457 861 3538 eet,
884 3471 940 3520 our
954 3451 1165 3536 delegatorios

152 3578 352 3666 exeeptionee
375 3583 407 3646 et
429 3579 636 3663 defensiones,
659 3597 700 3645 ex
721 3578 844 3644 ratione
866 3576 1024 3660 deleganti
1046 3578 1087 3644 ad
1109 3577 1163 3644 de-

151 3702 308 3786 legantem
331 3703 499 3790 repetitao,
521 3701 582 3770 eibi
606 3702 723 3790 opponi
745 3702 901 3788 potietnr3
924 3706 979 3768 eut
1000 3720 1057 3768 our
1078 3701 1163 3768 dele-

1 3831 2 3848 *
32 3809 36 3818 Δ
152 3831 243 3911 gatae
273 3827 509 3916 extentionibus
537 3830 569 3894 et
591 3825 822 3894 defensionibus
844 3829 968 3910 utatur,
998 3845 1038 3894 ex
1061 3824 1166 3893 aliena

152 3951 192 4018 ab
226 3952 295 4037 ipso
328 3952 503 4038 delegantis
537 3949 578 4016 ad
608 3949 834 4036 delegatorium
861 3949 984 4019 ratione
1010 3948 1161 4021 deduetie.
