2852 4780
559 438 718 540 Q

199 614 230 698 o)
252 614 398 702 Denique
424 614 553 701 probari
575 613 700 684 videtur
727 615 883 684 sonantia
910 621 1019 682 nostra
1045 615 1146 704 ipsius

124 738 339 823 delegationis
375 743 505 825 natura,
544 733 639 826 quarn
674 739 922 808 luculentissime
956 727 1159 808 declaratam

124 864 313 932 invenimus
334 864 368 932 in
389 863 412 930 l.
428 865 482 932 21.
498 862 528 945 ξ.
548 866 576 930 1.
594 865 661 949 (33,
684 865 729 948 5).

199 985 237 1054 L.
258 990 312 1055 21.
334 985 363 1071 ξ.
383 991 411 1054 1.
434 987 501 1073 (39,
522 988 567 1070 5).
593 1035 672 1072 ,...
696 987 723 1054 si
753 987 925 1055 debitorem
953 1005 1060 1055 meum
1087 989 1146 1055 tibi

128 1110 311 1178 donationis
333 1083 520 1180 immodicae
542 1129 637 1180 causa
658 1111 842 1199 promittere
860 1111 953 1196 jussi,
978 1160 1033 1178 ...
1056 1131 1146 1178 meua

129 1233 261 1322 quidem
291 1235 418 1313 debitor
450 1237 633 1322 exceptione
667 1240 700 1302 te
730 1239 875 1320 agentem
902 1235 1055 1322 repellere
1083 1255 1146 1302 non

128 1363 248 1445 potest,
272 1363 346 1448 qaia
362 1363 497 1448 perinde
519 1382 587 1426 mm
609 1361 700 1450 quusi
722 1371 863 1426 croatam
885 1383 906 1426 a
929 1358 1064 1426 debitore
1077 1382 1145 1425 meo

128 1503 285 1549 summam
306 1485 361 1550 citt
382 1486 572 1568 donaverim,
597 1495 628 1551 at
647 1496 679 1550 tu
701 1485 789 1550 illam
811 1486 841 1549 er'
862 1483 1052 1550 credideris.
1070 1479 1144 1548 ...“

201 1605 303 1684 Quum
324 1607 423 1689 igitur
442 1606 573 1693 perinde
589 1607 641 1690 sit,
665 1625 702 1672 ac
717 1607 745 1672 si
759 1605 968 1688 delegatarius
984 1609 1145 1692 acceptam

131 1748 155 1794 a
175 1728 338 1814 delegante
359 1729 526 1816 pecuniam
548 1727 690 1811 delegato
713 1727 892 1812 crediderit,
909 1761 951 1772 —
968 1729 1038 1811 quis
1061 1727 1145 1793 dele·

131 1854 290 1936 gattariam
312 1853 482 1939 pecuniam
510 1871 605 1938 quam
632 1851 766 1920 credidit
788 1850 991 1938 stipulantem
1014 1869 1146 1936 eamque

131 1977 311 2060 exigentem
334 1994 426 2042 suum
448 1995 557 2058 gerere
579 1977 740 2058 negotium
762 1975 877 2059 neget?
1209 1947 1212 1958 λ

200 2100 232 2166 2.
267 2097 347 2165 Gum
369 2099 427 2166 hac
447 2099 583 2168 fontium
606 2101 762 2167 sententia
779 2100 924 2168 convenit
939 2097 1035 2166 etiam
1049 2099 1144 2167 dictio
1221 2190 1230 2202 Ι

9 2259 12 2282 ι
134 2241 258 2290 eorumr
285 2223 451 2291 manifesto
480 2224 564 2290 eninr
591 2225 716 2308 fugiunt
737 2224 868 2291 verbnm
894 2223 1064 2300 mandandi
1086 2243 1153 2310 pro

134 2347 299 2432 delegandi
325 2348 435 2428 verbm
466 2347 543 2414 cil.
560 2349 591 2416 2.
612 2345 641 2430 ξ.
659 2351 690 2414 2.
707 2347 775 2432 (39,
798 2347 852 2431 5),
872 2347 894 2412 l.
912 2349 965 2413 33.
982 2343 1011 2429 ξ.
1028 2349 1059 2413 3.
1076 2346 1170 2413 eod.-

133 2469 282 2558 Inprimis
308 2477 417 2538 autem-
436 2471 649 2540 memorabilis
672 2471 796 2538 videtur
819 2491 889 2538 esse
903 2470 926 2536 l.
942 2471 995 2537 39.
1013 2470 1081 2555 (24,
1099 2471 1144 2551 1):
1227 2509 1229 2513 .

136 2593 213 2680 „Vir
240 2595 332 2663 uxori
358 2597 525 2682 pecuniam
547 2615 644 2683 quum
667 2595 785 2664 donare
806 2595 918 2681 vellet,
940 2597 1085 2684 permeat
1106 2597 1144 2679 ei,

133 2723 170 2787 ut
192 2739 211 2786 a
233 2720 373 2788 debitore
396 2740 452 2788 suo
475 2721 664 2808 stipuletur.
680 2771 687 2786 .
701 2771 709 2787 .
723 2718 753 2787 .“

201 2841 384 2912 01110.
401 2847 491 2930 1157
508 2845 576 2912 etl.
594 2847 624 2912 2.
641 2843 675 2911 C.
692 2845 725 2928 5,
744 2845 795 2910 12.
829 2841 865 2908 In
883 2841 1144 2926 quaaraginta,

133 2988 232 3054 quum
252 2967 456 3054 permittendi
475 2967 607 3036 verbum
629 2966 745 3032 habere
766 2985 830 3032 non
851 2965 953 3051 possit
967 2965 1033 3031 vim
1054 2955 1161 3030 man?

133 3091 246 3174 dandi,
271 3107 363 3156 nemo
386 3089 463 3175 erit,
486 3091 540 3174 qui
562 3093 666 3174 neget,
688 3088 811 3171 legibus
833 3087 937 3154 allatis
959 3087 1038 3155 illud
1060 3092 1145 3155 certe

40 3259 41 3262 ,
133 3214 359 3298 demonstrari,
387 3213 570 3280 mandatnm
597 3213 681 3280 inter
708 3210 904 3296 delegantem
932 3217 964 3280 et
985 3212 1144 3296 delegata

133 3341 217 3406 rium
240 3339 325 3405 omni
347 3335 441 3405 moto
462 3338 675 3406 nasamonium
695 3355 759 3404 non
782 3357 860 3404 ease.

201 3465 233 3530 3.
268 3461 303 3530 si
330 3462 513 3530 mandatum
539 3463 624 3529 inter
645 3462 842 3546 delegantem
865 3465 897 3528 et
918 3459 1145 3544 delegatorium

134 3587 352 3672 intercederet,
374 3587 511 3654 rationes
532 3587 617 3654 inter
639 3605 692 3654 eos
715 3607 755 3654 ex
777 3585 918 3654 mandati
935 3585 1007 3670 jure
1030 3583 1144 3668 dijudi-

135 3713 211 3798 oari‚
236 3712 404 3798 unicuique
428 3731 509 3797 cam,
532 3731 611 3797 quae
635 3731 674 3778 ex
695 3712 844 3778 mandato
867 3711 968 3778 oritur
990 3711 1145 3777 actionem

135 3835 175 3901 ad
193 3835 246 3918 jus
270 3855 362 3904 suum
383 3836 635 3923 persequendum
657 3841 835 3922 competere
856 3839 1024 3921 oporteret.
1059 3831 1145 3912 Quae

135 3961 241 4036 waren
268 3961 409 4040 mandati
432 3960 515 4045 juris
543 3960 766 4046 consequentia
793 3960 827 4024 in
848 3957 987 4026 fontibus
1009 3977 1073 4025 non
1094 3959 1144 4024 in·

134 4084 288 4170 venimus,
310 4089 347 4151 ut
369 4105 410 4152 ex
431 4084 516 4153 tuoe
537 4083 706 4171 praecipue
727 4082 805 4150 locis
827 4081 1007 4171 apparebit:
