2852 4780
715 405 881 533 Q...

213 632 219 644 ’
290 607 344 682 ris'
359 607 442 680 esset
463 609 599 678 nominis
619 611 655 677 in
678 610 783 676 dotem
804 607 940 692 delegati
961 603 1147 692 perieulum,
1169 604 1222 671 'vel
1242 604 1314 671 hoe

290 740 372 825 ipso,
395 737 478 823 quod
500 736 567 819 ejus
588 733 767 822 pariendum
781 736 874 816 esset,
898 730 1035 813 donatio,
1058 749 1153 816 qnam
1168 729 1310 796 meritas

291 861 526 928 dissimulanter
546 858 696 946 perfidare
717 857 828 942 voluit,
849 854 1065 942 impediretur.

357 984 409 1051 Ex
431 983 575 1051 omnibus
597 983 695 1066 igitur
716 982 768 1066 iit,
795 983 875 1064 quae
895 978 974 1061 dixi,
993 977 1065 1045 sine
1087 975 1152 1042 ulle
1174 981 1307 1044 cuneta-

291 1109 377 1174 tione
405 1111 543 1173 statuere
570 1125 716 1190 possum,
745 1104 780 1168 in
800 1099 946 1169 omnibns
968 1102 1025 1186 iis,
1054 1101 1109 1186 qni
1131 1097 1159 1182 t.
1178 1102 1208 1166 1.
1225 1117 1306 1166 enu-

292 1234 466 1313 merantur,
478 1229 602 1296 eesibus
617 1227 800 1310 delegatorii
814 1227 880 1294 lere
892 1229 960 1293 esse
975 1223 1151 1310 perieulum
1165 1221 1306 1288 nominis

293 1348 465 1434 delegati¹).
1210 1412 1216 1417 ,

299 1503 302 1508 ’
360 1473 525 1556 Singulare
552 1492 626 1541 vero
655 1473 812 1557 quoddam
839 1472 909 1554 lege
930 1472 984 1536 41.
1001 1468 1032 1553 §-
1047 1472 1078 1537 3.
1094 1469 1167 1553 (23,
1191 1469 1241 1550 3.)
1264 1469 1307 1534 de

293 1617 329 1664 eo
352 1617 416 1662 uno
438 1616 513 1662 easu
536 1597 741 1663 constitutum
758 1615 827 1662 esse
840 1594 975 1674 videtur,
1000 1593 1028 1660 si
1043 1591 1204 1679 stipulatio
1220 1593 1307 1667 inter

291 1711 519 1804 delegata-ium
543 1726 575 1786 et
596 1720 774 1802 delegatum
796 1718 854 1786 snb
877 1717 1053 1784 conditione
1069 1719 1229 1782 eontrmta
1244 1720 1303 1782 e'st.

360 1844 490 1912 Orditur
511 1848 617 1912 autem
637 1843 694 1909 illa
715 1843 767 1908 lex
790 1842 830 1909 ab
852 1841 937 1908 hisee
959 1839 1078 1907 verbis:

359 1966 651 2051 L.41.§.3(23,3).
664 1964 898 2049 ,Siedebitore
906 1963 1047 2030 mulieris
1057 1962 1117 2029 sub
1127 1963 1311 2030 eundemne·

209 2101 213 2106 '
293 2089 350 2154 dos
364 2089 582 2174 promittatur,
602 2094 635 2154 et
650 2093 771 2174 postea,
790 2088 845 2154 sed
862 2093 1031 2172 antequam
1045 2087 1181 2155 maritus
1195 2091 1308 2172 petere
1413 2071 1414 2162 ἔ

262 2194 265 2204 ’
292 2211 410 2298 posset,
438 2211 560 2279 debitor
581 2211 729 2280 solvendo
752 2231 820 2278 esse
842 2211 982 2295 desierit,
1005 2211 1106 2292 magis
1128 2209 1308 2296 perieulum

293 2336 335 2402 nd
355 2335 520 2402 mulierem
543 2335 701 2421 pertinere
722 2335 839 2421 pleoet3
862 2355 921 2402 nee
939 2335 1023 2401 enim
1036 2335 1139 2400 videri
1154 2334 1309 2402 maritum

293 2479 407 2526 nomen
423 2464 567 2526 seoutum
576 2479 613 2528 eo
625 2464 777 2545 tompore,
793 2479 854 2544 quo
866 2460 991 2542 exigere
1001 2479 1065 2525 non
1074 2459 1212 2544 poterit.
1227 2507 1235 2524 .
1250 2507 1257 2524 .
1271 2455 1305 2528 ‚4‘
1413 2463 1414 2480 l

348 2700 368 2766 ι)
392 2699 463 2754 Eum
481 2714 589 2770 semper
606 2701 634 2756 in
650 2705 729 2756 textu
748 2715 842 2756 tasum
861 2702 1052 2772 spectavimus,
1070 2702 1099 2756 in
1112 2717 1167 2772 quo
1180 2716 1308 2758 summae

294 2793 399 2850 debitor
417 2795 560 2865 delegatus
584 2801 635 2852 est.
672 2796 759 2852 Aliter
774 2812 842 2858 ,vero
860 2813 904 2852 res
928 2813 958 2852 se
976 2798 1073 2867 habet,
1096 2799 1120 2852 si
1138 2798 1239 2868 speciei
1256 2797 1307 2852 de·
1413 2835 1414 2838 η

293 2890 365 2946 bitor
381 2891 524 2962 delegatus
543 2897 594 2947 est.
630 2891 762 2947 Attamen
779 2891 847 2947 haee
865 2892 900 2947 ab
917 2893 976 2964 ille,
996 2909 1078 2962 quem
1096 2894 1124 2948 in
1141 2899 1219 2948 textu
1237 2893 1306 2964 dixi,

292 2969 401 3057 regula,
420 2989 573 3058 deelinetio,
591 3003 647 3045 non
664 2988 789 3058 exceptio
806 2989 972 3044 nominanda
990 2995 1045 3060 est,
1064 3001 1148 3060 quum
1164 2991 1308 3059 exipsius
1413 2979 1414 2984 ’

294 3082 472 3152 delegationis
493 3078 593 3140 natum
613 3084 809 3154 proficiscetur.
845 3087 934 3152 Quum
950 3086 1024 3141 enirn
1041 3087 1213 3156 delegatione
1229 3086 1308 3144 taeta
1413 3141 1414 3146 ,

230 3193 231 3196 ’
293 3178 410 3246 perinde·
429 3181 478 3250 sit,
502 3196 535 3234 ae
559 3181 583 3236 si
605 3181 735 3250 delegans
759 3187 899 3252 aoeeptam
923 3198 940 3237 a
962 3183 1088 3252 delegato
1106 3183 1227 3250 debitam
1245 3199 1324 3263 rems

294 3272 461 3343 delegatario
478 3275 596 3346 dederit,
619 3276 664 3330 hio
681 3283 773 3331 autem
791 3293 851 3333 eam
869 3278 996 3358 delegato
1014 3280 1171 3350 crediderit,
1189 3294 1307 3334 neeesse

295 3375 337 3446 est
359 3371 485 3426 maritum
507 3387 601 3426 easum
624 3377 764 3442 praestare
784 3389 839 3428 non
857 3357 970 3443 debere,
993 3375 1017 3429 ei
1035 3377 1136 3447 speciei
1153 3377 1259 3432 debitor
1277 3377 1306 3431 ei

294 3465 436 3538 delegatus
448 3473 500 3538 est,
518 3484 582 3524 nem
595 3483 631 3523 ne
640 3472 701 3524 rum
713 3469 832 3541 quidem,
845 3471 868 3525 si
881 3473 986 3540 speeies
999 3473 1060 3543 ipsa
1072 3473 1210 3529 eitredita
1220 3477 1304 3543 osset,

294 3579 389 3620 tasum
407 3579 470 3619 eum
486 3570 626 3634 praestare
643 3571 788 3635 oporteret.
816 3567 908 3623 Solam
925 3569 1009 3639 igitur
1021 3571 1133 3624 maritus
1149 3569 1256 3638 rupem
1274 3571 1306 3624 in
1413 3627 1414 3640 2

295 3660 429 3728 exigendo
449 3666 589 3730 praestare
607 3661 702 3734 debet3
726 3679 809 3732 quem
827 3665 851 3719 si
869 3665 991 3736 admisit,
1015 3681 1080 3720 sane
1099 3679 1192 3718 rasum
1210 3666 1295 3721 sentit

294 3757 347 3812 nisi
367 3747 438 3811 ¹forte
463 3757 649 3836 demonstrare
671 3763 763 3829 potest
784 3777 855 3833 rem,
879 3763 1003 3831 quamvis
1020 3761 1097 3831 justo
1115 3764 1237 3829 tempore
1256 3778 1303 3816 ex·
1413 3809 1414 3812 ,

295 3853 393 3923 aotam,
411 3859 503 3908 tamen
521 3855 595 3925 apud
611 3856 701 3926 ipsum
718 3857 887 3914 interituram
905 3856 998 3912 finisse.
1025 3855 1042 3910 l.
1056 3855 1099 3911 56.
1112 3873 1152 3926 pr.
1170 3857 1206 3912 de
1217 3859 1244 3915 J.
1255 3857 1302 3930 D,

295 3947 579 4021 otvmgnpsoo.
708 3947 711 3952 ’
1279 3952 1305 3980 ’·
