<?xml version="1.0" encoding="UTF-8"?>
<!DOCTYPE html PUBLIC "-//W3C//DTD XHTML 1.0 Transitional//EN"
    "http://www.w3.org/TR/xhtml1/DTD/xhtml1-transitional.dtd">
<html xmlns="http://www.w3.org/1999/xhtml" xml:lang="en" lang="en">
 <head>
  <title>
</title>
<meta http-equiv="Content-Type" content="text/html;charset=utf-8" />
  <meta name='ocr-system' content='tesseract 3.04.00' />
  <meta name='ocr-capabilities' content='ocr_page ocr_carea ocr_par ocr_line ocrx_word'/>
</head>
<body>
  <div class='ocr_page' id='page_1' title='image "./dedelegationisn00berngoog_0106.png"; bbox 0 0 2852 4780; ppageno 0'>
   <div class='ocr_carea' id='block_1_1' title="bbox 566 445 726 546">
    <p class='ocr_par' dir='ltr' id='par_1_1' title="bbox 566 445 726 546">
     <span class='ocr_line' id='line_1_1' title="bbox 566 445 726 546; baseline 0 -34"><span class='ocrx_word' id='word_1_1' title='bbox 566 445 726 546; x_wconf 46' lang='lat' dir='ltr'>Q</span> 
     </span>
    </p>
   </div>
   <div class='ocr_carea' id='block_1_2' title="bbox 38 617 1153 1555">
    <p class='ocr_par' dir='ltr' id='par_1_2' title="bbox 38 617 1153 1555">
     <span class='ocr_line' id='line_1_2' title="bbox 137 617 1151 710; baseline 0 -20"><span class='ocrx_word' id='word_1_2' title='bbox 137 621 335 710; x_wconf 83' lang='lat' dir='ltr'>praeseptis,</span> <span class='ocrx_word' id='word_1_3' title='bbox 358 642 398 688; x_wconf 90' lang='lat' dir='ltr'>ex</span> <span class='ocrx_word' id='word_1_4' title='bbox 414 621 528 707; x_wconf 86' lang='lat' dir='ltr'>quibus</span> <span class='ocrx_word' id='word_1_5' title='bbox 549 623 645 688; x_wconf 88' lang='lat' dir='ltr'>etiam</span> <span class='ocrx_word' id='word_1_6' title='bbox 667 622 706 692; x_wconf 89' lang='lat' dir='ltr'>de</span> <span class='ocrx_word' id='word_1_7' title='bbox 722 641 759 690; x_wconf 85' lang='lat' dir='ltr'>ea</span> <span class='ocrx_word' id='word_1_8' title='bbox 769 617 931 709; x_wconf 74' lang='lat' dir='ltr'>judicatur</span> <span class='ocrx_word' id='word_1_9' title='bbox 945 622 1151 708; x_wconf 73' lang='lat' dir='ltr'>delegatione,</span> 
     </span>
     <span class='ocr_line' id='line_1_3' title="bbox 138 743 1019 832; baseline 0.001 -20"><span class='ocrx_word' id='word_1_10' title='bbox 138 747 174 812; x_wconf 91' lang='lat' dir='ltr'>in</span> <span class='ocrx_word' id='word_1_11' title='bbox 196 766 259 831; x_wconf 89' lang='lat' dir='ltr'>qua</span> <span class='ocrx_word' id='word_1_12' title='bbox 280 746 408 813; x_wconf 88' lang='lat' dir='ltr'>donatio</span> <span class='ocrx_word' id='word_1_13' title='bbox 431 765 490 832; x_wconf 88' lang='lat' dir='ltr'>ope</span> <span class='ocrx_word' id='word_1_14' title='bbox 513 746 706 832; x_wconf 85' lang='lat' dir='ltr'>exeeptionis</span> <span class='ocrx_word' id='word_1_15' title='bbox 728 743 883 813; x_wconf 87' lang='lat' dir='ltr'>infirmari</span> <span class='ocrx_word' id='word_1_16' title='bbox 905 748 1019 832; x_wconf 86' lang='lat' dir='ltr'>potuit.</span> 
     </span>
     <span class='ocr_line' id='line_1_4' title="bbox 208 867 1153 956; baseline 0.003 -22"><span class='ocrx_word' id='word_1_17' title='bbox 208 867 342 935; x_wconf 77' lang='lat' dir='ltr'>Omissis</span> <span class='ocrx_word' id='word_1_18' title='bbox 373 869 472 952; x_wconf 80' lang='lat' dir='ltr'>igitur</span> <span class='ocrx_word' id='word_1_19' title='bbox 502 868 613 954; x_wconf 88' lang='lat' dir='ltr'>pauois</span> <span class='ocrx_word' id='word_1_20' title='bbox 646 887 726 953; x_wconf 89' lang='lat' dir='ltr'>quae</span> <span class='ocrx_word' id='word_1_21' title='bbox 761 874 871 937; x_wconf 84' lang='lat' dir='ltr'>extant</span> <span class='ocrx_word' id='word_1_22' title='bbox 906 869 1153 956; x_wconf 82' lang='lat' dir='ltr'>exceptionibus,</span> 
     </span>
     <span class='ocr_line' id='line_1_5' title="bbox 133 989 1152 1079; baseline 0 -21"><span class='ocrx_word' id='word_1_23' title='bbox 133 992 208 1077; x_wconf 89' lang='lat' dir='ltr'>jure</span> <span class='ocrx_word' id='word_1_24' title='bbox 236 990 393 1060; x_wconf 82' lang='lat' dir='ltr'>affirmare</span> <span class='ocrx_word' id='word_1_25' title='bbox 421 997 515 1079; x_wconf 85' lang='lat' dir='ltr'>atque</span> <span class='ocrx_word' id='word_1_26' title='bbox 544 989 711 1060; x_wconf 84' lang='lat' dir='ltr'>defendere</span> <span class='ocrx_word' id='word_1_27' title='bbox 739 1010 923 1079; x_wconf 88' lang='lat' dir='ltr'>possamus,</span> <span class='ocrx_word' id='word_1_28' title='bbox 951 993 985 1058; x_wconf 89' lang='lat' dir='ltr'>in</span> <span class='ocrx_word' id='word_1_29' title='bbox 1012 993 1053 1058; x_wconf 87' lang='lat' dir='ltr'>iis</span> <span class='ocrx_word' id='word_1_30' title='bbox 1076 1011 1152 1078; x_wconf 92' lang='lat' dir='ltr'>quo-</span> 
     </span>
     <span class='ocr_line' id='line_1_6' title="bbox 115 1099 1153 1203; baseline 0 -21"><span class='ocrx_word' id='word_1_31' title='bbox 115 1099 217 1201; x_wconf 59' lang='lat' dir='ltr'>&#39;que‚</span> <span class='ocrx_word' id='word_1_32' title='bbox 247 1135 325 1201; x_wconf 88' lang='lat' dir='ltr'>quos</span> <span class='ocrx_word' id='word_1_33' title='bbox 347 1115 407 1183; x_wconf 90' lang='lat' dir='ltr'>hae</span> <span class='ocrx_word' id='word_1_34' title='bbox 428 1115 626 1203; x_wconf 70' lang='lat' dir='ltr'>paragrapho</span> <span class='ocrx_word' id='word_1_35' title='bbox 649 1115 799 1202; x_wconf 87' lang='lat' dir='ltr'>exposui,</span> <span class='ocrx_word' id='word_1_36' title='bbox 828 1115 953 1182; x_wconf 75' lang='lat' dir='ltr'>daubus</span> <span class='ocrx_word' id='word_1_37' title='bbox 974 1115 1153 1203; x_wconf 85' lang='lat' dir='ltr'>stipulatio·</span> 
     </span>
     <span class='ocr_line' id='line_1_7' title="bbox 97 1239 1153 1324; baseline 0 -18"><span class='ocrx_word' id='word_1_38' title='bbox 97 1316 103 1323; x_wconf 45' lang='lat'>‚</span> <span class='ocrx_word' id='word_1_39' title='bbox 137 1257 215 1306; x_wconf 90' lang='lat' dir='ltr'>nem</span> <span class='ocrx_word' id='word_1_40' title='bbox 234 1241 318 1306; x_wconf 91' lang='lat' dir='ltr'>inter</span> <span class='ocrx_word' id='word_1_41' title='bbox 337 1239 564 1324; x_wconf 77' lang='lat' dir='ltr'>delegaturium</span> <span class='ocrx_word' id='word_1_42' title='bbox 583 1245 616 1306; x_wconf 90' lang='lat' dir='ltr'>et</span> <span class='ocrx_word' id='word_1_43' title='bbox 630 1239 808 1323; x_wconf 81' lang='lat' dir='ltr'>delegatum</span> <span class='ocrx_word' id='word_1_44' title='bbox 824 1243 1032 1324; x_wconf 75' lang='lat' dir='ltr'>contradam,</span> <span class='ocrx_word' id='word_1_45' title='bbox 1056 1259 1153 1324; x_wconf 90' lang='lat' dir='ltr'>quum</span> 
     </span>
     <span class='ocr_line' id='line_1_8' title="bbox 38 1363 1153 1450; baseline 0.002 -22"><span class='ocrx_word' id='word_1_46' title='bbox 38 1426 48 1437; x_wconf 78' lang='grc'><strong>,</strong></span> <span class='ocrx_word' id='word_1_47' title='bbox 139 1364 260 1448; x_wconf 82' lang='lat' dir='ltr'>oensis,</span> <span class='ocrx_word' id='word_1_48' title='bbox 287 1383 368 1448; x_wconf 90' lang='lat' dir='ltr'>quae</span> <span class='ocrx_word' id='word_1_49' title='bbox 390 1365 538 1450; x_wconf 88' lang='lat' dir='ltr'>subsunt,</span> <span class='ocrx_word' id='word_1_50' title='bbox 567 1364 670 1431; x_wconf 89' lang='lat' dir='ltr'>solnta</span> <span class='ocrx_word' id='word_1_51' title='bbox 693 1365 751 1450; x_wconf 89' lang='lat' dir='ltr'>sit,</span> <span class='ocrx_word' id='word_1_52' title='bbox 779 1364 885 1450; x_wconf 84' lang='lat' dir='ltr'>prisea</span> <span class='ocrx_word' id='word_1_53' title='bbox 906 1363 1026 1430; x_wconf 84' lang='lat' dir='ltr'>formae</span> <span class='ocrx_word' id='word_1_54' title='bbox 1048 1363 1081 1430; x_wconf 88' lang='lat' dir='ltr'>vi</span> <span class='ocrx_word' id='word_1_55' title='bbox 1103 1365 1153 1430; x_wconf 89' lang='lat' dir='ltr'>in·</span> 
     </span>
     <span class='ocr_line' id='line_1_9' title="bbox 139 1487 406 1555; baseline 0.011 -3"><span class='ocrx_word' id='word_1_56' title='bbox 139 1487 289 1554; x_wconf 71' lang='lat' dir='ltr'>uiolatam</span> <span class='ocrx_word' id='word_1_57' title='bbox 311 1492 406 1555; x_wconf 84' lang='lat' dir='ltr'>stare.</span> 
     </span>
    </p>
   </div>
   <div class='ocr_carea' id='block_1_3' title="bbox 489 1680 801 1888">
    <p class='ocr_par' dir='ltr' id='par_1_3' title="bbox 489 1680 801 1888">
     <span class='ocr_line' id='line_1_10' title="bbox 603 1680 689 1764; baseline -0.012 -15"><span class='ocrx_word' id='word_1_58' title='bbox 603 1680 633 1764; x_wconf 64' lang='grc' dir='ltr'>ξ.</span> <span class='ocrx_word' id='word_1_59' title='bbox 656 1683 689 1749; x_wconf 80' lang='lat'>5.</span> 
     </span>
     <span class='ocr_line' id='line_1_11' title="bbox 489 1783 801 1888; baseline -0.006 0"><span class='ocrx_word' id='word_1_60' title='bbox 489 1783 521 1888; x_wconf 67' lang='grc'>3.</span> <span class='ocrx_word' id='word_1_61' title='bbox 553 1819 666 1888; x_wconf 72' lang='lat' dir='ltr'>Comi</span> <span class='ocrx_word' id='word_1_62' title='bbox 689 1841 801 1888; x_wconf 77' lang='lat' dir='ltr'>casua.</span> 
     </span>
    </p>
   </div>
   <div class='ocr_carea' id='block_1_4' title="bbox 79 1977 1226 2314">
    <p class='ocr_par' dir='ltr' id='par_1_4' title="bbox 79 1977 1226 2314">
     <span class='ocr_line' id='line_1_12' title="bbox 205 1977 1226 2064; baseline 0.001 -19"><span class='ocrx_word' id='word_1_63' title='bbox 205 1979 354 2046; x_wconf 85' lang='lat' dir='ltr'>Fontium</span> <span class='ocrx_word' id='word_1_64' title='bbox 374 1979 483 2064; x_wconf 84' lang='lat' dir='ltr'>inopia</span> <span class='ocrx_word' id='word_1_65' title='bbox 496 1978 703 2064; x_wconf 89' lang='lat' dir='ltr'>impedimur,</span> <span class='ocrx_word' id='word_1_66' title='bbox 727 1977 893 2063; x_wconf 90' lang='lat' dir='ltr'>quominus</span> <span class='ocrx_word' id='word_1_67' title='bbox 909 1978 1152 2064; x_wconf 89' lang='lat' dir='ltr'>uniusoujusque</span> <span class='ocrx_word' id='word_1_68' title='bbox 1224 2031 1226 2036; x_wconf 89' lang='lat'><em>.</em></span> 
     </span>
     <span class='ocr_line' id='line_1_13' title="bbox 79 2091 1153 2189; baseline -0.001 -19"><span class='ocrx_word' id='word_1_69' title='bbox 79 2142 81 2148; x_wconf 95' lang='lat'>·</span> <span class='ocrx_word' id='word_1_70' title='bbox 139 2091 315 2170; x_wconf 88' lang='lat' dir='ltr'>oeterorum</span> <span class='ocrx_word' id='word_1_71' title='bbox 349 2121 447 2188; x_wconf 88' lang='lat' dir='ltr'>aeque</span> <span class='ocrx_word' id='word_1_72' title='bbox 481 2103 608 2189; x_wconf 86' lang='lat' dir='ltr'>eopiosa</span> <span class='ocrx_word' id='word_1_73' title='bbox 648 2107 742 2188; x_wconf 87' lang='lat' dir='ltr'>atque</span> <span class='ocrx_word' id='word_1_74' title='bbox 778 2123 903 2189; x_wconf 85' lang='lat' dir='ltr'>eorum,</span> <span class='ocrx_word' id='word_1_75' title='bbox 938 2123 1017 2189; x_wconf 88' lang='lat' dir='ltr'>quos</span> <span class='ocrx_word' id='word_1_76' title='bbox 1057 2123 1153 2189; x_wconf 86' lang='lat' dir='ltr'>supra</span> 
     </span>
     <span class='ocr_line' id='line_1_14' title="bbox 139 2227 1152 2314; baseline 0 -22"><span class='ocrx_word' id='word_1_77' title='bbox 139 2227 289 2311; x_wconf 67' lang='lat' dir='ltr'>natavi,</span> <span class='ocrx_word' id='word_1_78' title='bbox 313 2244 442 2294; x_wconf 72' lang='lat' dir='ltr'>emaum</span> <span class='ocrx_word' id='word_1_79' title='bbox 465 2227 660 2314; x_wconf 81' lang='lat' dir='ltr'>expositione</span> <span class='ocrx_word' id='word_1_80' title='bbox 683 2227 952 2312; x_wconf 88' lang='lat' dir='ltr'>demonstremus,</span> <span class='ocrx_word' id='word_1_81' title='bbox 975 2228 1016 2292; x_wconf 86' lang='lat' dir='ltr'>ad</span> <span class='ocrx_word' id='word_1_82' title='bbox 1039 2247 1152 2294; x_wconf 90' lang='lat' dir='ltr'>unum·</span> 
     </span>
    </p>
   </div>
   <div class='ocr_carea' id='block_1_5' title="bbox 138 2349 1153 3924">
    <p class='ocr_par' dir='ltr' id='par_1_5' title="bbox 138 2349 1153 3304">
     <span class='ocr_line' id='line_1_15' title="bbox 139 2349 1153 2436; baseline -0.002 -20"><span class='ocrx_word' id='word_1_83' title='bbox 139 2369 295 2436; x_wconf 88' lang='lat' dir='ltr'>quemquo</span> <span class='ocrx_word' id='word_1_84' title='bbox 328 2357 504 2419; x_wconf 90' lang='lat' dir='ltr'>oeteroram</span> <span class='ocrx_word' id='word_1_85' title='bbox 536 2370 660 2436; x_wconf 88' lang='lat' dir='ltr'>quoque</span> <span class='ocrx_word' id='word_1_86' title='bbox 688 2371 815 2418; x_wconf 82' lang='lat' dir='ltr'>ossuum</span> <span class='ocrx_word' id='word_1_87' title='bbox 843 2355 1048 2436; x_wconf 84' lang='lat' dir='ltr'>praeoeptum</span> <span class='ocrx_word' id='word_1_88' title='bbox 1074 2349 1153 2415; x_wconf 90' lang='lat' dir='ltr'>illud</span> 
     </span>
     <span class='ocr_line' id='line_1_16' title="bbox 139 2473 1153 2563; baseline 0 -23"><span class='ocrx_word' id='word_1_89' title='bbox 139 2475 261 2542; x_wconf 85' lang='lat' dir='ltr'>valere:</span> <span class='ocrx_word' id='word_1_90' title='bbox 291 2475 527 2563; x_wconf 79' lang='lat' dir='ltr'>stipulationem</span> <span class='ocrx_word' id='word_1_91' title='bbox 556 2475 640 2540; x_wconf 86' lang='lat' dir='ltr'>inter</span> <span class='ocrx_word' id='word_1_92' title='bbox 667 2474 895 2557; x_wconf 80' lang='lat' dir='ltr'>delegaturium</span> <span class='ocrx_word' id='word_1_93' title='bbox 921 2478 953 2540; x_wconf 88' lang='lat' dir='ltr'>et</span> <span class='ocrx_word' id='word_1_94' title='bbox 975 2473 1153 2556; x_wconf 74' lang='lat' dir='ltr'>delegatum</span> 
     </span>
     <span class='ocr_line' id='line_1_17' title="bbox 139 2597 1152 2692; baseline 0.001 -26"><span class='ocrx_word' id='word_1_95' title='bbox 139 2603 332 2666; x_wconf 73' lang='lat' dir='ltr'>mnuaetam</span> <span class='ocrx_word' id='word_1_96' title='bbox 359 2617 522 2692; x_wconf 77' lang='lat' dir='ltr'>nunqnam</span> <span class='ocrx_word' id='word_1_97' title='bbox 550 2619 590 2666; x_wconf 86' lang='lat' dir='ltr'>ex</span> <span class='ocrx_word' id='word_1_98' title='bbox 618 2599 721 2665; x_wconf 80' lang='lat' dir='ltr'>tausis</span> <span class='ocrx_word' id='word_1_99' title='bbox 743 2599 887 2685; x_wconf 86' lang='lat' dir='ltr'>pristinis</span> <span class='ocrx_word' id='word_1_100' title='bbox 909 2597 1056 2684; x_wconf 86' lang='lat' dir='ltr'>pendere.</span> <span class='ocrx_word' id='word_1_101' title='bbox 1100 2597 1152 2667; x_wconf 89' lang='lat' dir='ltr'>In·</span> 
     </span>
     <span class='ocr_line' id='line_1_18' title="bbox 138 2722 1152 2812; baseline -0.002 -22"><span class='ocrx_word' id='word_1_102' title='bbox 138 2723 251 2810; x_wconf 89' lang='lat' dir='ltr'>primis</span> <span class='ocrx_word' id='word_1_103' title='bbox 278 2723 376 2807; x_wconf 77' lang='lat' dir='ltr'>igitur</span> <span class='ocrx_word' id='word_1_104' title='bbox 402 2729 606 2812; x_wconf 80' lang='lat' dir='ltr'>praeseptum</span> <span class='ocrx_word' id='word_1_105' title='bbox 628 2723 708 2790; x_wconf 90' lang='lat' dir='ltr'>illud</span> <span class='ocrx_word' id='word_1_106' title='bbox 730 2722 909 2798; x_wconf 79' lang='lat' dir='ltr'>confirmari</span> <span class='ocrx_word' id='word_1_107' title='bbox 931 2727 1036 2809; x_wconf 85' lang='lat' dir='ltr'>potest</span> <span class='ocrx_word' id='word_1_108' title='bbox 1059 2743 1152 2808; x_wconf 80' lang='lat' dir='ltr'>argu-</span> 
     </span>
     <span class='ocr_line' id='line_1_19' title="bbox 138 2847 1152 2934; baseline -0.002 -21"><span class='ocrx_word' id='word_1_109' title='bbox 138 2848 254 2914; x_wconf 88' lang='lat' dir='ltr'>mentis</span> <span class='ocrx_word' id='word_1_110' title='bbox 276 2847 489 2934; x_wconf 78' lang='lat' dir='ltr'>generalibus,</span> <span class='ocrx_word' id='word_1_111' title='bbox 517 2869 597 2934; x_wconf 84' lang='lat' dir='ltr'>qnae</span> <span class='ocrx_word' id='word_1_112' title='bbox 620 2849 778 2916; x_wconf 87' lang='lat' dir='ltr'>uberrime</span> <span class='ocrx_word' id='word_1_113' title='bbox 800 2847 834 2912; x_wconf 91' lang='lat' dir='ltr'>in</span> <span class='ocrx_word' id='word_1_114' title='bbox 857 2847 1072 2912; x_wconf 86' lang='lat' dir='ltr'>anteoentibus</span> <span class='ocrx_word' id='word_1_115' title='bbox 1094 2866 1152 2932; x_wconf 83' lang='lat' dir='ltr'>pa-</span> 
     </span>
     <span class='ocr_line' id='line_1_20' title="bbox 138 2968 1152 3059; baseline -0.005 -20"><span class='ocrx_word' id='word_1_116' title='bbox 138 2972 304 3059; x_wconf 81' lang='lat' dir='ltr'>ragraphis</span> <span class='ocrx_word' id='word_1_117' title='bbox 334 2972 589 3057; x_wconf 80' lang='lat' dir='ltr'>explanavimus,</span> <span class='ocrx_word' id='word_1_118' title='bbox 623 2987 814 3055; x_wconf 89' lang='lat' dir='ltr'>quamquam</span> <span class='ocrx_word' id='word_1_119' title='bbox 841 2987 904 3035; x_wconf 88' lang='lat' dir='ltr'>aon</span> <span class='ocrx_word' id='word_1_120' title='bbox 933 2968 1057 3033; x_wconf 89' lang='lat' dir='ltr'>minimi</span> <span class='ocrx_word' id='word_1_121' title='bbox 1083 2988 1152 3034; x_wconf 89' lang='lat' dir='ltr'>mo-</span> 
     </span>
     <span class='ocr_line' id='line_1_21' title="bbox 138 3092 1152 3178; baseline 0 -18"><span class='ocrx_word' id='word_1_122' title='bbox 138 3095 239 3162; x_wconf 89' lang='lat' dir='ltr'>menti</span> <span class='ocrx_word' id='word_1_123' title='bbox 261 3099 355 3160; x_wconf 89' lang='lat' dir='ltr'>erunt</span> <span class='ocrx_word' id='word_1_124' title='bbox 376 3113 413 3160; x_wconf 92' lang='lat' dir='ltr'>ea</span> <span class='ocrx_word' id='word_1_125' title='bbox 435 3113 516 3178; x_wconf 88' lang='lat' dir='ltr'>quae</span> <span class='ocrx_word' id='word_1_126' title='bbox 543 3096 653 3160; x_wconf 86' lang='lat' dir='ltr'>extant</span> <span class='ocrx_word' id='word_1_127' title='bbox 679 3092 813 3158; x_wconf 83' lang='lat' dir='ltr'>fontium</span> <span class='ocrx_word' id='word_1_128' title='bbox 840 3092 1044 3178; x_wconf 90' lang='lat' dir='ltr'>dooumenta,</span> <span class='ocrx_word' id='word_1_129' title='bbox 1071 3111 1152 3178; x_wconf 88' lang='lat' dir='ltr'>quae</span> 
     </span>
     <span class='ocr_line' id='line_1_22' title="bbox 139 3215 976 3304; baseline -0.002 -19"><span class='ocrx_word' id='word_1_130' title='bbox 139 3219 182 3285; x_wconf 84' lang='lat' dir='ltr'>ad</span> <span class='ocrx_word' id='word_1_131' title='bbox 203 3217 324 3304; x_wconf 86' lang='lat' dir='ltr'>aliquot</span> <span class='ocrx_word' id='word_1_132' title='bbox 345 3235 474 3284; x_wconf 83' lang='lat' dir='ltr'>ausuum</span> <span class='ocrx_word' id='word_1_133' title='bbox 498 3217 726 3304; x_wconf 82' lang='lat' dir='ltr'>expositionem</span> <span class='ocrx_word' id='word_1_134' title='bbox 749 3215 976 3284; x_wconf 86' lang='lat' dir='ltr'>adhibebimus.</span> 
     </span>
    </p>

    <p class='ocr_par' dir='ltr' id='par_1_6' title="bbox 140 3339 1152 3924">
     <span class='ocr_line' id='line_1_23' title="bbox 208 3339 1151 3428; baseline 0.002 -20"><span class='ocrx_word' id='word_1_135' title='bbox 208 3345 238 3408; x_wconf 92' lang='lat'>1.</span> <span class='ocrx_word' id='word_1_136' title='bbox 261 3341 404 3408; x_wconf 91' lang='lat' dir='ltr'>Primum</span> <span class='ocrx_word' id='word_1_137' title='bbox 426 3342 553 3428; x_wconf 90' lang='lat' dir='ltr'>quidem</span> <span class='ocrx_word' id='word_1_138' title='bbox 575 3339 778 3408; x_wconf 85' lang='lat' dir='ltr'>aonfirmatur</span> <span class='ocrx_word' id='word_1_139' title='bbox 797 3346 1000 3428; x_wconf 79' lang='lat' dir='ltr'>praeseptum</span> <span class='ocrx_word' id='word_1_140' title='bbox 1020 3342 1099 3408; x_wconf 90' lang='lat' dir='ltr'>illud</span> <span class='ocrx_word' id='word_1_141' title='bbox 1114 3361 1151 3410; x_wconf 91' lang='lat' dir='ltr'>eo</span> 
     </span>
     <span class='ocr_line' id='line_1_24' title="bbox 140 3465 1152 3558; baseline 0 -24"><span class='ocrx_word' id='word_1_142' title='bbox 140 3485 233 3558; x_wconf 76' lang='lat' dir='ltr'>oasa,</span> <span class='ocrx_word' id='word_1_143' title='bbox 260 3467 295 3532; x_wconf 89' lang='lat' dir='ltr'>in</span> <span class='ocrx_word' id='word_1_144' title='bbox 321 3485 382 3551; x_wconf 86' lang='lat' dir='ltr'>quo</span> <span class='ocrx_word' id='word_1_145' title='bbox 405 3465 566 3549; x_wconf 77' lang='lat' dir='ltr'>delegatus</span> <span class='ocrx_word' id='word_1_146' title='bbox 589 3466 745 3550; x_wconf 77' lang='lat' dir='ltr'>deleganti</span> <span class='ocrx_word' id='word_1_147' title='bbox 769 3465 908 3532; x_wconf 86' lang='lat' dir='ltr'>debitum</span> <span class='ocrx_word' id='word_1_148' title='bbox 931 3466 1068 3550; x_wconf 85' lang='lat' dir='ltr'>solvere,</span> <span class='ocrx_word' id='word_1_149' title='bbox 1097 3465 1152 3534; x_wconf 89' lang='lat' dir='ltr'>de-</span> 
     </span>
     <span class='ocr_line' id='line_1_25' title="bbox 140 3589 1152 3674; baseline -0.001 -18"><span class='ocrx_word' id='word_1_150' title='bbox 140 3590 248 3674; x_wconf 86' lang='lat' dir='ltr'>legans</span> <span class='ocrx_word' id='word_1_151' title='bbox 276 3594 381 3656; x_wconf 89' lang='lat' dir='ltr'>autem</span> <span class='ocrx_word' id='word_1_152' title='bbox 407 3589 566 3656; x_wconf 89' lang='lat' dir='ltr'>dationem</span> <span class='ocrx_word' id='word_1_153' title='bbox 592 3590 740 3657; x_wconf 86' lang='lat' dir='ltr'>eredendi</span> <span class='ocrx_word' id='word_1_154' title='bbox 768 3609 864 3657; x_wconf 86' lang='lat' dir='ltr'>eausa</span> <span class='ocrx_word' id='word_1_155' title='bbox 891 3589 1082 3673; x_wconf 82' lang='lat' dir='ltr'>delegaturio</span> <span class='ocrx_word' id='word_1_156' title='bbox 1104 3590 1152 3655; x_wconf 87' lang='lat' dir='ltr'>fa·</span> 
     </span>
     <span class='ocr_line' id='line_1_26' title="bbox 141 3712 1152 3800; baseline -0.003 -19"><span class='ocrx_word' id='word_1_157' title='bbox 141 3731 211 3781; x_wconf 90' lang='lat' dir='ltr'>oere</span> <span class='ocrx_word' id='word_1_158' title='bbox 241 3714 318 3782; x_wconf 85' lang='lat' dir='ltr'>vult.</span> <span class='ocrx_word' id='word_1_159' title='bbox 364 3712 548 3800; x_wconf 82' lang='lat' dir='ltr'>Quaeritur,</span> <span class='ocrx_word' id='word_1_160' title='bbox 581 3733 658 3780; x_wconf 92' lang='lat' dir='ltr'>num</span> <span class='ocrx_word' id='word_1_161' title='bbox 686 3713 844 3799; x_wconf 80' lang='lat' dir='ltr'>delegato,</span> <span class='ocrx_word' id='word_1_162' title='bbox 875 3715 945 3799; x_wconf 87' lang='lat' dir='ltr'>qui,</span> <span class='ocrx_word' id='word_1_163' title='bbox 975 3733 1046 3781; x_wconf 87' lang='lat' dir='ltr'>oum</span> <span class='ocrx_word' id='word_1_164' title='bbox 1073 3713 1152 3780; x_wconf 88' lang='lat' dir='ltr'>nihil</span> 
     </span>
     <span class='ocr_line' id='line_1_27' title="bbox 142 3835 1152 3924; baseline 0.001 -21"><span class='ocrx_word' id='word_1_165' title='bbox 142 3836 298 3922; x_wconf 79' lang='lat' dir='ltr'>deleganti</span> <span class='ocrx_word' id='word_1_166' title='bbox 320 3838 464 3923; x_wconf 87' lang='lat' dir='ltr'>deberat,</span> <span class='ocrx_word' id='word_1_167' title='bbox 486 3857 545 3924; x_wconf 88' lang='lat' dir='ltr'>per</span> <span class='ocrx_word' id='word_1_168' title='bbox 568 3857 723 3923; x_wconf 85' lang='lat' dir='ltr'>errorem,</span> <span class='ocrx_word' id='word_1_169' title='bbox 750 3839 842 3924; x_wconf 84' lang='lat' dir='ltr'>quasi</span> <span class='ocrx_word' id='word_1_170' title='bbox 864 3838 988 3904; x_wconf 88' lang='lat' dir='ltr'>debitor</span> <span class='ocrx_word' id='word_1_171' title='bbox 1010 3857 1045 3902; x_wconf 89' lang='lat' dir='ltr'>se</span> <span class='ocrx_word' id='word_1_172' title='bbox 1067 3835 1152 3904; x_wconf 89' lang='lat' dir='ltr'>dele-</span> 
     </span>
    </p>
   </div>
   <div class='ocr_carea' id='block_1_6' title="bbox 141 3960 1153 4137">
    <p class='ocr_par' dir='ltr' id='par_1_7' title="bbox 141 3960 1153 4137">
     <span class='ocr_line' id='line_1_28' title="bbox 141 3960 1153 4050; baseline 0 -22"><span class='ocrx_word' id='word_1_173' title='bbox 141 3981 215 4045; x_wconf 78' lang='lat' dir='ltr'>gare</span> <span class='ocrx_word' id='word_1_174' title='bbox 249 3981 361 4050; x_wconf 86' lang='lat' dir='ltr'>passus</span> <span class='ocrx_word' id='word_1_175' title='bbox 389 3967 453 4048; x_wconf 89' lang='lat' dir='ltr'>est,</span> <span class='ocrx_word' id='word_1_176' title='bbox 485 3967 595 4030; x_wconf 86' lang='lat' dir='ltr'>eontra</span> <span class='ocrx_word' id='word_1_177' title='bbox 622 3960 849 4046; x_wconf 80' lang='lat' dir='ltr'>delegaturium</span> <span class='ocrx_word' id='word_1_178' title='bbox 884 3962 967 4028; x_wconf 88' lang='lat' dir='ltr'>tueri</span> <span class='ocrx_word' id='word_1_179' title='bbox 996 3979 1031 4028; x_wconf 89' lang='lat' dir='ltr'>se</span> <span class='ocrx_word' id='word_1_180' title='bbox 1059 3961 1153 4030; x_wconf 85' lang='lat' dir='ltr'>lineat</span> 
     </span>
     <span class='ocr_line' id='line_1_29' title="bbox 940 4082 957 4137; baseline 0 0"><span class='ocrx_word' id='word_1_181' title='bbox 940 4082 957 4137; x_wconf 77' lang='lat' dir='ltr'>&#39;l</span> 
     </span>
    </p>
   </div>
   <div class='ocr_carea' id='block_1_7' title="bbox 0 0 1435 4780">
    <p class='ocr_par' dir='ltr' id='par_1_8' title="bbox 0 0 1435 4780">
     <span class='ocr_line' id='line_1_30' title="bbox 0 0 1435 4780; baseline 0 0"><span class='ocrx_word' id='word_1_182' title='bbox 0 0 1435 4780; x_wconf 95' lang='lat' dir='ltr'> </span> 
     </span>
    </p>
   </div>
  </div>
 </body>
</html>
