2852 4780
585 1001 951 1092 ARGUMENTUM

711 1207 818 1222 *

258 1363 352 1422 PARS
370 1363 493 1422 PRIMA.
517 1363 639 1422 Historia
645 1363 784 1422 litteraria
797 1361 1093 1436 Rati0,quadieeerene
1102 1363 1277 1422 manuatim.

295 1475 319 1537 3.
333 1473 358 1528 1.
382 1470 483 1528 Variae
501 1471 536 1526 de
553 1468 732 1540 delegationis
749 1468 907 1527 definitione
924 1469 1084 1526 sententiae.
1107 1485 1135 1540 p.
1148 1471 1173 1526 1.

294 1580 318 1644 3.
331 1578 357 1634 2.
380 1577 495 1648 Variae,
522 1575 717 1634 mandatumne
742 1577 771 1633 in
793 1577 965 1648 delegatione
988 1577 1079 1634 ineaao
1100 1589 1214 1634 neeesse
1236 1576 1279 1633 ait

382 1684 542 1742 sententiae.
565 1700 594 1755 p.
607 1685 650 1739 10.

294 1795 318 1859 3.
331 1791 356 1848 3.
380 1791 469 1862 Ratio,
488 1805 544 1864 qua
560 1805 659 1848 munna
677 1789 729 1845 nim
747 1787 893 1846 datorem.
915 1805 943 1860 p.
956 1787 999 1844 16.
1084 1795 1103 1817 ²

257 1913 351 1973 PARS
370 1913 549 1972 SECUNDA.
585 1913 629 1971 De
645 1913 760 1970 normali
778 1913 957 1986 delegationis
974 1927 1049 1970 oeae.

294 2025 319 2088 3.
332 2023 358 2077 1.
382 2022 420 2078 Α.
441 2019 578 2090 cogitatio
595 2019 759 2090 pnineipalie.
781 2033 809 2090 p.
822 2019 865 2074 13.

294 2130 320 2193 t.
330 2128 356 2184 2.
379 2127 415 2182 B.
438 2125 648 2198 domoquentia
870 2147 873 2154 ·

390 2232 413 2290 1.
437 2232 522 2306 (iuius
540 2233 577 2290 sit
592 2232 742 2304 perieulum
753 2229 871 2288 neminie
883 2229 1002 2302 delegati
1013 2229 1174 2288 ostenditur.
1191 2230 1276 2302 nid.

294 2344 318 2407 6.
331 2340 357 2396 3.
375 2339 411 2396 11.
433 2339 477 2396 De
500 2339 673 2410 stipndatione
695 2340 766 2396 inter
785 2338 971 2410 delegatorum
989 2341 1018 2395 et
1034 2336 1191 2408 delegatum
1208 2351 1276 2394 oon-

438 2449 535 2500 treet&

419 2551 444 2606 1.
468 2551 644 2608 innodnodo.
667 2565 695 2620 p.
707 2551 751 2606 25.

294 2659 318 2721 5.
330 2655 357 2711 4.
420 2656 446 2710 2.
469 2653 612 2724 Exponitio
629 2654 776 2725 variorum,
795 2655 843 2724 qni
860 2651 905 2710 hle
921 2650 982 2710 fieri
998 2657 1122 2725 poenum,
1140 2667 1264 2711 oaeunm.

454 2761 482 2830 a)
501 2759 622 2816 anusL
644 2775 672 2831 p.
685 2761 729 2816 28.

294 2874 318 2936 5.
331 2870 357 2926 5.
457 2870 482 2936 5)
501 2865 589 2924 (laeua
600 2867 636 2924 11.
658 2867 741 2937 nei.

294 2980 318 3042 6.
331 2977 358 3032 6.
459 2976 483 3044 c)
502 2974 590 3032 Casus
601 2975 650 3030 III.
672 2991 700 3044 p.
714 2975 757 3030 33.

294 3087 318 3148 5.
332 3083 357 3137 i.
378 3081 534 3160 Appendin.
559 3081 737 3137 Novanturne
748 3079 777 3135 in
790 3079 929 3152 superiore
940 3093 1007 3134 eaau
1019 3078 1193 3150 stipidatione
1203 3079 1277 3135 inter

384 3173 579 3255 delegatorium
598 3193 626 3244 et
644 3187 800 3258 delegatum
813 3190 953 3244 eontracta
964 3183 1061 3242 ambae
1074 3199 1144 3256 quae
1157 3183 1276 3241 subeunt

382 3289 570 3362 obligationes.
593 3311 620 3363 p.
633 3294 678 3349 44.

256 3425 260 3429 ·
294 3403 318 3466 5.
331 3401 356 3456 6.
381 3399 430 3458 ΙΠ.
451 3399 540 3470 Ratio,
559 3413 630 3470 quae
643 3399 770 3469 delegato
784 3414 847 3456 eum
861 3399 1014 3472 delegante,
1028 3397 1167 3470 deleganti
1178 3401 1271 3456 autem

454 3523 516 3562 oum
533 3506 700 3577 delegatado
717 3512 769 3564 oet.

419 3613 445 3668 1.
466 3611 643 3668 introductio.
666 3629 693 3683 p.
706 3614 750 3670 52.

294 3723 318 3784 6.
331 3719 357 3774 3.
420 3719 447 3773 2.
469 3717 545 3783 Quae
562 3716 701 3789 deleganti
715 3735 777 3776 enm
789 3718 956 3792 delegatorio
964 3720 1035 3793 juris
1046 3721 1115 3777 ratio
1128 3719 1172 3775 eit.
1189 3736 1217 3791 p.
1226 3720 1271 3778 55.

294 3829 318 3891 ξ.
332 3825 375 3880 10.
419 3825 445 3882 3.
468 3823 544 3891 Quae
560 3826 631 3885 ratio
648 3826 785 3898 deleganti
803 3841 866 3884 eum
883 3826 1010 3898 delegato
1028 3827 1072 3884 ait
1095 3843 1124 3899 gn
1137 3827 1180 3884 62.

200 3985 203 3991 ,
294 3935 319 3998 ς.
332 3932 375 3986 11.
401 3931 431 3987 0.
454 3931 575 3990 Summa.
598 3951 626 4006 p.
642 3934 685 3991 67.
