2852 4780
692 411 851 510 A&

331 585 369 656 Lss
386 590 439 655 39.
456 586 524 674 (24,
549 588 580 671 1)
603 545 710 656 tamen
733 587 820 656 alind
842 590 884 658 de
904 586 963 657 hae
985 582 1123 658 revello
1137 589 1280 658 ridetur:

266 712 344 800 „Vir
367 713 460 780 uxori
482 713 649 810 peeuniam
671 733 768 799 quum
790 714 910 782 donare
930 713 1045 800 νθῖῖθῖ,Ι
1068 706 1216 802 permisit
1237 713 1280 798 ei,

265 843 300 908 ut
328 859 347 905 a
378 838 517 906 debitore
546 856 604 905 ruo
631 811 814 924 stipulatum
845 837 921 924 illa,
954 859 1051 928 quum
1080 838 1113 905 id
1140 836 1279 922 lenisset,

264 941 457 1050 priusquam'
478 964 645 1051 peouniam
667 963 816 1049 auferet,
839 963 1010 1030 divortium
1031 964 1120 1044 looit3
1149 979 1280 1048 quaero,

265 1093 372 1156 utrum
383 1089 434 1156 vir
445 1107 515 1156 eam
531 1105 686 1155 summam
701 1092 809 1174 petere
824 1087 947 1174 debeat,
959 1105 1000 1154 an
1013 1085 1108 1172 (,‚ex“
1123 1085 1279 1170 insilal.)

265 1233 302 1281 ea
330 1215 538 1302 promissione
565 1217 698 1299 propter
726 1207 907 1278 donationis
932 1231 1060 1280 oausam
1086 1213 1168 1282 aetio
1190 1211 1281 1278 nulla

200 1421 201 1426 Ἰ
265 1339 370 1406 esset?
403 1337 562 1424 Respondi
584 1337 715 1424 inanem
732 1337 831 1403 fnisse
854 1355 924 1402 eam
947 1334 1214 1424 stipulationem.“

333 1461 430 1546 Cujus
464 1461 590 1546 quidem
618 1461 679 1528 loci
708 1461 864 1534 sententia
891 1461 968 1528 haee
996 1465 1059 1528 esta
1094 1462 1122 1527 si
1151 1460 1280 1527 donatio

264 1588 349 1654 inter
377 1585 574 1670 delegantem
604 1589 636 1651 et
664 1584 891 1667 delegatorium
919 1585 1057 1670 oonjngii
1086 1603 1181 1652 eausa
1207 1585 1280 1671 ipso

260 1712 333 1795 jure
360 1711 449 1780 nulla
476 1714 540 1795 est,
569 1711 664 1776 etiam
692 1708 854 1796 stipulatio
881 1710 966 1784 inter
995 1708 1221 1792 delegatorium
1245 1711 1282 1775 et

264 1836 443 1920 delegatum
465 1835 535 1921 ipso
553 1835 628 1919 jure
647 1835 734 1901 nulla
756 1839 814 1904 est.
1213 1843 1215 1848 ’

332 1959 431 2045 Atqui
442 1959 615 2044 quaeritur,
634 1959 769 2029 liceatne
780 1979 820 2027 ex
830 1959 889 2026 hoo
904 1958 974 2025 loeo
984 1955 1142 2058 oolligere,
1153 1972 1283 2042 semper

266 2075 506 2170 stipulationem
523 2083 607 2150 inter
628 2082 857 2168 delegatorium
880 2087 912 2150 et
933 2081 1110 2166 delegatum
1125 2079 1282 2168 ipsoJure

264 2208 388 2275 nullam'
407 2223 487 2293 esse,
511 2207 538 2274 si
554 2207 679 2274 donatio
694 2209 778 2274 inter
793 2208 989 2292 delegantem
1005 2212 1037 2274 et
1051 2205 1282 2290 delegatannm

264 2331 353 2402 nulla
379 2337 428 2401 est
450 2365 492 2380 --
517 2351 709 2419 quamquam
728 2332 817 2400 nulla
839 2337 905 2418 est,
932 2351 996 2400 non
1018 2336 1149 2419 propter
1170 2332 1281 2417 eonju-
1420 2422 1423 2439 Ι

264 2461 368 2543 glum,
391 2457 446 2524 sed
470 2457 565 2524 aliam
587 2458 627 2525 ob
650 2477 794 2544 oausam,
816 2458 963 2546 inprimis
985 2461 1115 2543 propter
1136 2457 1280 2524 insinna-

264 2583 359 2648 tionis
383 2581 582 2647 absentiam?

331 2704 432 2784 Quam
461 2703 586 2789 quidem
615 2705 826 2773 universalem
855 2707 921 2772 rim
948 2705 1021 2772 huia
1047 2704 1111 2789 legi
1139 2699 1281 2773 tribuere

265 2829 472 2897 dubitandum
495 2830 585 2897 nobis
608 2830 743 2914 estjam
766 2847 836 2898 eam
858 2831 900 2897 ob
922 2847 1066 2916 eausam,
1089 2830 1183 2916 quod,
1205 2849 1280 2898 enm

140 3025 143 3030 ,
263 2955 349 3038 leges
377 2954 562 3022 donationes
588 2956 798 3026 intervisam
820 2960 1006 3022 einnonem
1029 2954 1103 3021 odio
1121 2959 1188 3021 tam
1211 2955 1279 3021 sin-
1422 2975 1423 3020 l

264 3078 367 3161 galeri
389 3084 630 3165 persequantur,
652 3084 821 3167 praesepto
839 3081 879 3146 de
894 3077 1061 3146 donatione
1076 3079 1159 3146 inter
1172 3079 1279 3146 virum

265 3204 297 3266 et
318 3218 451 3268 uxorem
474 3199 564 3286 dato,
582 3203 637 3287 jus
659 3203 837 3289 singulare,
860 3223 923 3270 non
946 3203 1091 3286 generale
1113 3204 1278 3288 eontineri,
1421 3269 1422 3304 p

261 3323 334 3410 jure
357 3324 580 3412 suspicandum
602 3331 660 3391 est.

331 3447 396 3516 Noe
418 3449 519 3533 igitur
539 3437 704 3536 sentimus,
726 3467 802 3517 oasa
825 3450 1002 3520 donationis
1024 3453 1112 3520 inter
1129 3451 1278 3536 ooniuges

265 3579 407 3661 excepto,
435 3574 670 3660 stipulationem
692 3556 775 3642 inter
797 3569 1023 3660 delegaturium
1046 3581 1078 3643 et
1099 3576 1278 3657 delegatum

264 3699 364 3767 ferme
388 3700 552 3766 etiamtum
573 3699 694 3784 valere,
722 3700 750 3766 si
772 3700 899 3768 donatio
920 3702 1004 3768 inter
1025 3699 1221 3782 delegantem
1245 3677 1288 3770 etxx

265 3823 490 3908 delegatamnm
514 3825 584 3912 ipso
603 3824 676 3908 jure
697 3825 786 3892 nulla
808 3830 868 3892 ent
905 3825 992 3904 Quae
1013 3841 1108 3908 quam
1130 3829 1217 3900 reeta
1234 3827 1277 3893 eit

266 3950 420 4016 sententia
447 3948 654 4015 Basilieorum
687 3947 772 4034 loeo,
808 3969 900 4034 quem
934 3948 968 4014 in
997 3951 1158 4034 postrema
1184 3953 1276 4037 parte

264 4071 357 4156 hujus
379 4073 570 4160 paragraphi
593 4071 770 4159 afferemus,
792 4071 1004 4141 confirmatur.
1060 4041 1063 4050 Κ
1191 4085 1193 4090 “
