2852 4780
543 417 703 523 *a*

184 600 218 667 Si
240 601 338 684 igitur
361 601 571 685 debitor,.qui
594 598 741 667 solvendo
764 603 823 686 est,
847 617 866 665 a
888 599 1052 667 ereditriee
1072 619 1129 667 sua

106 725 294 810 delegatus,
322 726 437 790 marito
467 724 533 807 ej'us
562 725 666 790 dotem
681 725 750 791 ‘sub
773 725 950 792 conditione
972 726 1129 811 promisit,

106 849 212 935 illud,
246 853 354 916 utrum
381 849 514 916 maritus
542 867 657 914 nomen
685 849 844 914 debitoris·
864 854 989 915 saeuius
1019 851 1061 915 sit
1089 869 1130 914 an

106 993 197 1060 non,
226 993 266 1040 ex
295 993 331 1042 eo
361 975 502 1058 tempore
530 973 663 1058 pendet,
693 991 754 1057 quo
783 971 920 1038 conditio
948 973 1071 1038 existit:
1103 973 1130 1038 si

106 1098 246 1163 interim
268 1097 390 1164 debitor
408 1095 554 1162 solvendo
571 1117 718 1162 essenon
734 1097 838 1180 desiit,
861 1097 883 1161 i.
900 1117 927 1162 e.
945 1097 973 1162 si
988 1101 1132 1182 tempore

108 1222 283 1286 existentis
311 1220 498 1287 eonditionis
527 1224 616 1286 tanta
644 1221 710 1304 ejus
740 1219 881 1286 solvendi
909 1220 1041 1286 facultas
1071 1226 1130 1306 est,

109 1349 234 1430 quanta
266 1349 335 1410 tom
367 1345 444 1430 fuit,
479 1365 574 1429 quum
604 1345 772 1430 promissio
801 1343 911 1430 fiebat,
946 1343 1054 1410 mariti
1083 1347 1131 1410 est

108 1468 307 1554 perieulum
342 1469 391 1534 sin
425 1462 548 1535 debitor
570 1469 710 1534 ¹interim
745 1469 892 1535 solvendo
928 1489 996 1535 esse
1026 1469 1129 1554 desiit,

109 1592 295 1678 perieulum
319 1593 429 1658 uxoris
458 1596 515 1658 est.
556 1591 674 1669 Quodsi
696 1593 744 1658 vis
776 1593 952 1659 conditione
975 1593 1130 1658 existente

112 1715 215 1800 efflei,
238 1721 274 1781 ut
296 1717 402 1782 omnia
423 1717 470 1781 ita
492 1716 567 1799 sint,
590 1716 680 1799 quasi
703 1714 852 1798 obligatio
876 1716 919 1780 ab
938 1715 1028 1780 initio
1051 1730 1131 1800 pure

112 1844 277 1906 eontraota
298 1840 422 1924 inisset,
445 1839 669 1921 obligationem
691 1859 818 1906 neeesse
841 1842 888 1905 est
909 1857 973 1904 non
991 1837 1130 1924 pej0rem

110 1964 232 2030 laetam
256 1981 337 2046 esse,
360 1973 454 2047 quam
476 1963 537 2028 init
558 1961 659 2030 initio.

184 2086 327 2154 Eandem
342 2086 496 2152 rationem
512 2090 636 2154 seeutns
652 2093 700 2154 est
710 2088 965 2174 juriseonsnltus‚
983 2087 1130 2171 judicans

113 2209 229 2278 eodem
259 2211 327 2278 loeo
356 2210 395 2277 de
422 2209 481 2278 hoe
509 2217 598 2278 oasu:
636 2213 774 2297 „Quodsi
798 2214 865 2296 jam
893 2218 970 2279 tune
997 2213 1148 2298 debitor,-

114 2355 226 2427 quum·
243 2336 301 2402 sub
324 2335 501 2402 eondiuone
523 2337 738 2422 promitteret,
768 2337 916 2403 solvendo
938 2357 1002 2402 non
1024 2337 1131 2421 fuerit,

113 2458 293 2546 perieulum
311 2461 383 2526 'viri
418 2481 502 2545 esse,
537 2461 620 2546 quod
649 2462 749 2528 soiens
772 2461 834 2528 tale
861 2481 976 2528 nomen
1006 2465 1131 2528 seeutus

114 2583 289 2670 videretur,
307 2585 518 2674 v*qualeinitio
541 2585 740 2668 obligationis
762 2582 889 2652 inerit.“

186 2708 221 2774 Si
247 2709 346 2792 igitur
374 2711 496 2778 debitor
519 2711 558 2778 ab
581 2711 671 2777 initio
696 2710 844 2778 solvendo
867 2731 931 2777 non
954 2703 1015 2777 luit
1037 2716 1069 2777 et
1091 2727 1131 2778 ne

115 2838 260 2918 tempore
297 2833 423 2919 quidem
461 2836 626 2902 existentis
663 2835 850 2901 eonditionis
889 2834 1036 2900 solvendo
1072 2837 1131 2918 est,

117 2977 215 3043 quum
250 2957 398 3041 obligatio
432 2940 521 3044 pejor
554 2960 638 3024 faeta
671 2959 821 3041 nonsit,
855 2957 988 3023 maritus
1015 2975 1131 3023 nomen

117 3081 270 3148 debitoris
302 3086 428 3148 saeuius
457 3100 526 3148 esse
554 3081 694 3166 ridetur,
726 3099 825 3165 „nam
853 3080 916 3148 tale
946 3085 1009 3166 est,
1040 3081 1131 3167 quale

116 3204 209 3270 initio
231 3202 322 3271 fuit.“

187 3328 221 3396 Si
243 3329 331 3416 haee,
355 3345 454 3416 quam
472 3349 529 3398 nos
551 3329 614 3416 legi
636 3330 739 3398 inesse
761 3337 921 3418 putamus,
949 3349 1023 3398 vera
1044 3327 1130 3400 illius

119 3455 284 3524 sententlo·
303 3460 367 3540 est,
396 3457 537 3541 quaestio
565 3455 679 3522 oritur:
708 3461 815 3523 utrum
843 3475 951 3524 omnes
974 3455 1130 3522 debitores
1255 3505 1259 3514 .
1389 3493 1393 3506 ·

119 3581 153 3646 in
182 3579 243 3646 duo
265 3584 388 3647 tantum
412 3601 527 3664 genera
550 3581 757 3648 distribuendi
781 3582 860 3666 sint,
889 3601 988 3648 unum
1011 3601 1130 3666 eorum,

77 3727 80 3734 ·
121 3705 175 3789 qui
203 3705 365 3791 solvendo,
394 3679 528 3770 alterum
556 3725 679 3790 eorum,
708 3705 762 3790 qui
788 3725 851 3772 non
874 3707 1022 3772 solvendo
1046 3709 1130 3790 sunt,

18 3819 20 3850 '
121 3847 161 3893 an
184 3829 337 3911 graduum
360 3829 502 3896 solvendi
516 3828 674 3895 facultatis
690 3831 771 3895 ratio
786 3830 930 3896 habenda
944 3829 1007 3896 sit?
1041 3828 1131 3906 Quod

120 3952 154 4016 ni
176 3951 375 4039 iaeimus‚'id
397 3955 488 4023 nobis
511 3955 712 4021 statrmndum
735 3958 793 4038 est,
816 3958 895 4039 tum,
919 3954 947 4019 si
969 3943 1130 4036 delegatus
1184 3959 1188 3966 '
1324 3943 1333 3951 ’

917 4075 934 4128 6
