2834 4780
554 396 714 494 A

114 591 238 658 posse,
268 589 343 639 nam
364 571 499 657 pignora
519 569 571 638 uel
593 571 731 638 maxime
753 570 794 638 ad
816 571 1017 640 securitatem
1039 573 1139 662 stipu-

115 695 238 764 lateris
261 697 432 783 pertinere,
455 696 526 781 quis
547 695 660 778 neget?
733 745 736 752 η

196 821 227 888 3.
251 819 314 889 Sed
336 825 405 890 tum
426 819 520 888 modo
542 818 690 904 delegans
713 819 940 906 delegatauiam
960 821 1141 890 indemnem

116 950 290 1032 praestare
323 945 432 1029 debet,
466 945 585 1012 sinon
613 944 797 1027 delegatanii
824 945 917 1032 eulpa
944 946 1073 1032 aeoidit,
1105 952 1141 1015 ut

121 1069 280 1140 damnum
303 1091 343 1138 ex
367 1069 568 1158 stipulatione
589 1073 767 1158 pateretur:

197 1193 400 1282 „perieulum
422 1194 648 1262 nominumad
671 1214 754 1279 eum,
777 1193 866 1277 eujus
889 1193 981 1281 eulpa
1003 1195 1141 1264 deteuius

121 1319 247 1388 fautum
268 1319 397 1406 probari
419 1323 534 1406 potest,
556 1315 725 1405 pertinet.“
749 1317 771 1384 l.
783 1319 837 1386 35.
855 1319 894 1386 da
908 1317 946 1384 R.
962 1317 997 1385 Ο.
1014 1319 1082 1404 (12,
1097 1320 1140 1404 1).

174 1443 231 1520 „In
254 1463 393 1529 summa,
422 1445 466 1528 si,
488 1443 575 1511 nullo
597 1448 689 1530 paeto
712 1443 894 1526 aoeedente,
916 1441 953 1508 fit
974 1443 1141 1530 delegatio,

97 1598 99 1602 ¹
122 1569 259 1654 perinde
282 1572 346 1654 eet,
375 1587 412 1636 aa
434 1569 462 1636 ei
484 1567 631 1652 delegans
655 1571 816 1654 aoeeptam
839 1586 858 1633 a
880 1566 1022 1650 delegato
1044 1588 1140 1655 peou·

18 1669 20 1674 ¹
124 1693 215 1760 uiam
230 1692 421 1777 delegatoris
437 1692 586 1778 dedisset,
602 1693 654 1758 bio
671 1696 862 1784 autemeam
878 1690 1022 1776 delegato
1039 1693 1141 1760 orodi·

124 1817 235 1886 disset.
264 1817 350 1896 Quae
372 1818 491 1901 negotii
512 1820 638 1901 natura,
660 1833 732 1882 eum
753 1815 856 1901 poetis
873 1819 996 1882 mnata
1009 1835 1074 1883 nou
1088 1817 1141 1902 sit,

128 1941 243 2026 effieit,
277 1946 314 2008 ut
347 1941 531 2025 delegatorii
559 1941 601 2006 sit
626 1939 803 2027 perieulum
828 1939 965 2008 nominis
994 1941 1140 2024 delegati.

126 2065 227 2134 Aliud
249 2063 301 2151 fit,
325 2067 372 2151 si,
393 2067 620 2134 interveniente
643 2069 748 2152 paeto,
771 2063 932 2132 voluntate
955 2066 1140 2136 oonbahen·

125 2191 209 2282 tu‘um
232 2190 351 2274 negotii
372 2195 487 2258 natura
509 2189 646 2276 aliquam
668 2193 792 2277 partem
814 2193 965 2258 mutatur.

130 2403 169 2472 Π.
194 2403 249 2471 De
272 2402 497 2492 stipulatione
519 2405 610 2472 inter
629 2403 882 2498 (delegaturium
899 2412 933 2470 et
948 2401 1141 2493 dolepatum

540 2537 729 2596 connecto.

596 2685 625 2770 ᾧ.
643 2689 674 2754 3.

473 2815 502 2880 1.
536 2811 797 2879 Introduotio.

196 2936 309 3004 Adbue
330 2937 511 3023 posuimus,
536 2938 737 3004 novationem
759 2935 821 3001 rite
841 2934 958 3000 fanan
980 2951 1063 3000 essee
1092 2954 1140 3019 ea,

135 3081 227 3148 quam
248 3063 332 3130 iuter
354 3060 553 3142 delegantem
575 3065 608 3126 et
629 3059 808 3142 delegatum
830 3057 957 3125 subesse
973 3057 1141 3144 voluimus,

135 3185 279 3268 obligatio
302 3183 408 3250 valida
429 3183 501 3269 fuit,
524 3182 629 3250 valida
647 3182 708 3248 fuit
724 3201 804 3268 quae
817 3183 901 3248 inter
916 3180 1141 3265 delegaturium

135 3315 164 3377 et
197 3308 395 3392 delegantem
427 3309 599 3396 praecessit
627 3306 793 3392 obligatio,
828 3306 998 3392 ambaeque
1025 3304 1140 3393 valida,

96 3461 98 3464 ·
134 3435 213 3502 inter
243 3431 468 3516 delegatarium
500 3436 532 3500 et
561 3432 739 3516 delegatum
766 3430 903 3498 nouandi
930 3451 1026 3500 eausa
1050 3432 1141 3517 inita,
1251 3481 1252 3484 ,

137 3557 333 3644 stipulatione
357 3556 498 3625 sublatae
520 3561 603 3624 sunt.
648 3557 694 3623 At
715 3577 809 3640 voro,
837 3555 913 3641 quid
934 3553 1003 3622 fieui
1028 3555 1090 3640 vis,
1113 3556 1141 3622 si

135 3681 279 3766 obligatio
306 3682 391 3748 inter
418 3681 614 3766 delegantem
643 3687 675 3750 et
702 3680 896 3766 delegatum,
924 3699 1003 3765 qnae
1030 3680 1064 3745 in
1091 3679 1140 3745 in-

17 3871 18 3876 ,
138 3807 233 3874 eunde
256 3806 458 3896 stipulatione
480 3808 563 3874 inter
585 3805 812 3890 delegatorium
835 3809 866 3872 et
881 3804 1057 3888 delegatum
1073 3823 1141 3870 esse

138 3932 316 4019 ponebatur,
339 3933 408 4022 ipso
427 3932 499 4021 jure
521 3931 620 4018 nulla,
644 3936 698 3997 aut
712 3951 772 4019 ope
788 3929 981 4017 exceptionis
995 3925 1141 3996 iueffioax
