2834 4780
559 429 718 530 L

129 625 212 674 nem
232 605 426 691 despuens
453 606 594 692 pertento
615 607 729 675 amisit.
777 605 931 685 Quoniam
952 607 1051 692 igitur
1073 627 1145 676 oum

130 731 304 818 Miranti,
332 737 401 798 tum
431 731 621 814 delegetsrio
649 733 789 800 ustiones
817 731 938 800 sbletns
966 753 1035 802 esse
1057 733 1145 802 vite

128 871 212 942 nus,
231 855 470 942 omniquidem
492 875 552 942 ops
575 856 771 941 exceptionis
787 855 856 922 lieri
869 858 990 942 nequit,
1012 862 1145 944 utreque

130 980 279 1063 obligatio
297 981 370 1063 jure
391 979 569 1046 mistionis
593 979 716 1046 sublate
739 980 782 1046 sit
803 987 930 1048 neeesse
953 986 1011 1046 est

197 1103 325 1190 Duplex
347 1108 453 1171 autem
475 1103 602 1170 novetio
623 1101 694 1169 fieri
708 1123 779 1171 mon
802 1104 968 1188 potuisset,
995 1105 1023 1170 si
1045 1104 1144 1175 altere

128 1225 394 1309 Fittingieuerum
415 1227 622 1295 formularum
645 1231 797 1312 usurpate
819 1231 912 1294 esset.
947 1226 1035 1310 Ergo
1048 1228 1145 1295 verba

128 1351 283 1418 formulae
304 1351 397 1418 eliter
418 1356 569 1437 ooneepts
588 1351 686 1418 fuisse
700 1369 828 1418 neeesse
844 1355 904 1434 est,
926 1351 1072 1437 inprimis
1087 1354 1145 1436 its,

129 1477 171 1541 ut'
186 1480 321 1560 utruque
343 1475 491 1556 obligatio
514 1476 647 1557 eogitari
667 1475 769 1560 possit
787 1475 822 1540 in
835 1475 1073 1560 stipulationem
1087 1477 1143 1542 de-

129 1598 233 1664 duotn
277 1597 453 1666 Verborum
479 1598 577 1680 igitur
600 1599 761 1682 oonoeptio
784 1598 835 1664 uel
856 1598 934 1666 beee
954 1600 1032 1666 fuit:
1060 1599 1144 1684 quod

129 1721 231 1789 Titius
253 1722 346 1806 mihi
366 1721 511 1806 quodque
532 1725 569 1786 tu
583 1721 666 1788 Titio
688 1721 794 1802 debes,
814 1720 849 1786 id
863 1721 941 1786 mibi
957 1723 1032 1788 dure
1047 1743 1143 1806 spon-

128 1845 206 1912 des?
228 1845 279 1912 vel
300 1845 424 1928 heeoee,
447 1864 527 1928 quae
547 1843 667 1910 nnlhus
689 1843 896 1928 pristinorum
916 1843 1142 1927 obligationum

127 1969 285 2034 rationem
307 1967 417 2034 hebet:
440 1972 566 2034 eentum
588 1967 668 2034 mibi
687 1966 763 2032 dare
786 1966 942 2054 spondes?
964 1997 967 2002 ·

196 2091 262 2158 Nos
290 2092 416 2177 quidem
443 2092 526 2158 hane
548 2090 756 2177 posteriorem
778 2090 946 2161 summam
968 2093 1142 2162 normalem

126 2216 227 2284 fnisse
246 2221 405 2303 putemus.
436 2216 515 2282 Cum
539 2216 623 2284 enim
640 2215 801 2301 stipulatio
817 2216 900 2282 iuter
915 2216 1142 2298 delegatorios}

127 2345 161 2408 et
189 2341 365 2425 delegatum
395 2359 435 2406 er
462 2341 604 2427 pristinis
632 2340 736 2406 esnsis
758 2355 888 2425 prorsus
910 2359 974 2408 non
995 2339 1141 2424 pendeat·

126 2465 294 2551 prisouqne
320 2465 440 2530 formes
467 2464 636 2536 seueritate
659 2463 766 2544 vigere
787 2462 949 2548 videatur,
977 2467 1142 2532 eonsente»

125 2608 224 2656 neum
252 2593 301 2654 est
330 2589 426 2656 etism
453 2588 574 2655 formes
600 2586 829 2672 stipulationis,
860 2593 948 2656 nerto
974 2589 1143 2657 vorborum

127 2712 331 2799 conceptione
354 2712 505 2796 adhibita,
528 2731 653 2778 omnem
675 2711 716 2776 ad
733 2712 856 2798 priores
872 2713 1077 2795 obligationes
1092 2734 1142 2784 re·

127 2841 271 2922 spentunr
293 2837 413 2922 deesse,
434 2838 482 2904 itn
503 2841 540 2902 ut
557 2837 654 2904 etiem
668 2836 773 2922 prisea
787 2836 893 2906 velere
907 2837 1009 2921 possit
1022 2838 1142 2904 formae

124 2960 186 3028 vis.
217 2959 251 3028 si
273 2962 359 3031 euim
381 2978 478 3028 uuum
501 2981 545 3026 ex.
563 2959 684 3027 dnobus
707 2960 836 3026 innertis
853 2958 998 3042 Fittinpii
1019 2959 1141 3043 formis,

124 3084 179 3154 uel
201 3103 283 3168 oum,
305 3103 400 3168 quom
421 3084 485 3169 ipsi
497 3101 603 3168 »supro
625 3082 880 3167 nonninnevimis,
903 3083 1056 3152 moenum
1076 3084 1141 3152 for·

125 3227 215 3276 mum
236 3207 411 3274 normalem
432 3207 530 3276 fuisse
547 3206 650 3292 ponis,
671 3205 777 3274 nullae
793 3227 832 3276 ex
846 3206 908 3292 bis,
932 3227 1009 3293 ques
1023 3209 1059 3274 in
1071 3208 1141 3275 fon-

125 3332 230 3415 tibus,
256 3331 297 3398 de
319 3331 514 3414 delegatione
535 3331 571 3398 in
590 3331 773 3400 universrmr
795 3316 1001 3417 eonstituisti,v
1019 3332 1141 3401 inveni-
1239 3326 1244 3334 '

126 3455 526 3542 mns‚1sgulaoaohineri
548 3460 690 3542 possunt.
743 3499 746 3508 ·

620 3618 775 3736 1.'

217 3828 281 3898 Fae
303 3829 538 3915 stipulationem
560 3827 609 3894 his
631 3829 737 3895 verbis
759 3829 916 3898 contrabi:
1012 3875 1017 3878 -

175 3952 337 4037 ,quod'te
352 3953 435 4023 Titio
458 3952 534 4024 dere
556 3957 693 4038 eportet,
713 3952 746 4019 id
769 3952 847 4021 mihi
870 3953 946 4022 tere
963 3949 1139 4037 epondsst“
