2852 4780
692 407 851 506 Q

267 585 442 672 fidejussor,
465 603 559 672 quem
580 586 615 654 iu
637 583 781 654 donando
804 581 957 668 adhibuit,
978 583 1025 652 ita
1039 586 1075 652 et
1086 583 1128 668 ei,
1149 583 1201 650 cni
1215 603 1299 652 uon

267 710 406 794 donarit,
432 709 466 778 io
489 709 625 778 solidum
646 705 903 777 condemnatur.“

335 833 413 902 Tres
435 834 533 918 igitur
555 854 574 900 a
591 832 816 918 jurisconsulto
838 835 1069 920 componuntur
1082 831 1296 918 delegatarii,

266 977 349 1026 nnus
371 959 427 1044 qui
450 956 591 1026 solvendi
614 977 720 1043 causo,
742 957 823 1025 alter
838 957 892 1043 qui
906 957 1055 1043 asmodi,
1076 957 1200 1043 tertius,
1223 958 1294 1048 qui

267 1082 414 1152 credendi
436 1101 531 1149 eausa
553 1080 723 1170 stipulatur
745 1103 766 1148 a
787 1081 941 1165 delegato,
966 1081 1021 1167 qui
1043 1080 1200 1166 deleganti
1221 1081 1290 1150 do·-

265 1210 399 1274 naturus
422 1210 505 1292 erat,
531 1205 735 1292 delegataque
758 1207 969 1292 exceptiones,
990 1206 1105 1291 quibus
1128 1206 1288 1274 adversus

266 1329 462 1413 delegantem
477 1329 525 1396 uti
538 1330 654 1417 potuit,
675 1329 825 1397 adversus
840 1348 949 1398 omncs
964 1329 1168 1413 denegentur.
1198 1329 1284 1398 Sen-

265 1454 382 1520 tentiae
415 1473 489 1521 soae
521 1471 649 1520 caueam
677 1473 747 1520 eam
776 1457 882 1520 autem
910 1449 1001 1521 affert
1022 1452 1283 1541 jurisconsultus,
1413 1523 1414 1560 Ξ

266 1574 350 1664 quod
378 1595 442 1644 nou
469 1576 678 1665 delegaturio,
707 1576 762 1644 sed
784 1575 942 1660 deleganti
963 1576 1081 1646 donare
1102 1576 1171 1646 vult
1191 1577 1282 1646 dole-
1413 1593 1414 1600 ’

266 1706 367 1786 gatus.
407 1699 540 1768 Videtur
567 1701 666 1785 igitar
689 1700 932 1785 jurisconsultus
954 1701 1029 1786 hac,
1058 1721 1154 1786 qnam
1175 1700 1283 1788 affert,

264 1846 376 1912 caum,
398 1824 478 1894 illud
500 1845 622 1911 quoque
645 1823 832 1910 significare,
855 1823 1082 1908 delegatarinm
1104 1824 1281 1909 delegantis

264 1953 499 2037 procuratorem
533 1969 596 2016 uon
630 1968 717 2033 esse,
744 1926 805 2016 'seo
840 1969 933 2017 suum
966 1949 1126 2032 negotium
1157 1969 1280 2034 gerere.
1414 1959 1415 2000 ἲ

265 2073 366 2152 Quam
393 2073 686 2158 interpretationem
714 2093 755 2138 ex
783 2073 939 2140 sententia
956 2071 1175 2158 jurisconsulti
1196 2093 1281 2160 esse,
1414 2133 1415 2136 ,

259 2197 327 2282 Jem
356 2215 396 2264 ex
419 2215 455 2264 eo
483 2200 632 2283 apparet,
655 2195 738 2280 quod
761 2194 971 2279 delegatorios
999 2196 1182 2266 duramnus
1204 2217 1280 2268 com

264 2321 455 2407 delegatorio
487 2320 641 2390 creditore
670 2323 882 2408 comparator,
911 2339 1004 2406 quem
1033 2327 1156 2391 mnatat
1184 2335 1277 2391 suum
1415 2389 1416 2432 Ξ

263 2447 424 2530 nogotium
451 2465 560 2530 gerere
590 2465 722 2530 eamque
748 2425 788 2514 ob
811 2464 938 2514 cansam
961 2446 1175 2534 detensiones,
1197 2468 1278 2534 quas

264 2570 425 2653 delegatus
448 2569 598 2636 adversus
620 2568 816 2652 delegantem
832 2570 952 2656 habuit,
974 2591 1038 2639 non
1052 2571 1174 2641 timere.

330 2694 361 2776 t)
384 2690 595 2760 Confirmatur
608 2697 717 2760 nostra
733 2694 888 2762 sententia
902 2694 972 2778 iege
988 2696 1041 2764 33.
1058 2693 1087 2779 d.
1101 2697 1132 2762 3.
1146 2695 1214 2782 (39,
1228 2697 1275 2782 5),

261 2819 316 2886 ubi
344 2821 453 2886 contra
479 2816 688 2901 delegatorios
710 2817 847 2885 eruditor
869 2837 941 2889 cum
964 2818 1155 2904 delegaturio
1177 2821 1274 2890 dona-

262 2943 343 3010 tario
366 2947 576 3029 comparatur.

328 3065 366 3132 L.
381 3068 435 3134 33.
452 3064 481 3149 l.
498 3067 530 3132 3.
547 3067 615 3151 (39,
637 3067 683 3150 5).
723 3066 790 3152 „st
814 3087 911 3153 quum
928 3066 1054 3136 Primus
1077 3069 1136 3136 tibi
1158 3069 1275 3150 donare

260 3185 366 3271 uellet,
382 3193 414 3254 et
427 3193 463 3254 tu
478 3188 614 3256 donandi
630 3189 773 3258 Secundo
784 3191 978 3258 voluntatem
989 3192 1133 3278 haberes,
1146 3193 1274 3263 Primus

260 3309 403 3380 Secundo
427 3330 466 3378 ex
484 3310 645 3380 voluntate
668 3318 724 3379 tua
746 3313 910 3400 stipulanti
932 3317 1125 3403 promiserit,
1147 3317 1272 3405 perfici·

259 3440 312 3501 tur
334 3434 478 3515 donati03
501 3438 533 3502 et
555 3435 630 3521 quia
651 3436 731 3502 nihil
750 3435 877 3524 Primus
891 3437 1047 3526 Secundo,
1071 3462 1090 3508 a
1112 3463 1174 3529 quo
1196 3463 1270 3513 eon-

259 3560 395 3644 venitur,
419 3558 558 3644 donavit,
581 3564 613 3628 et
632 3560 759 3646 quidem
774 3562 970 3650 insolidum,
992 3585 1056 3633 uon
1070 3567 1105 3633 in
1119 3567 1163 3650 id,
1186 3567 1271 3651 quod

257 3683 362 3754 iacere
394 3687 516 3770 potest,
549 3684 784 3755 condemnatur.
826 3685 924 3775 quue
958 3691 1143 3773 custoditur,
1175 3694 1209 3756 et
1240 3693 1270 3764 si

258 3806 421 3891 delegante
444 3827 493 3893 eo,
516 3808 571 3893 qui
591 3808 792 3880 donatiouem
814 3818 883 3881 erat
901 3816 1097 3900 accepturus,
1120 3814 1269 3886 creditori

258 3931 325 4015 ejus
348 3931 481 3999 donator
502 3934 700 4021 promiserit3
723 3947 752 4002 et
772 3937 830 4004 tac
848 3940 929 4005 emm
943 3959 1016 4004 coar
1031 3939 1165 4008 creditor
1178 3965 1268 4008 onom

256 4050 411 4144 nepotata
430 4055 540 4147 yera'tss
