2852 4780
587 429 747 529 je„

228 609 258 676 2.
292 608 341 675 De
364 627 401 676 eo
424 627 515 694 easu,
543 609 576 674 in
600 625 661 696 qno
684 609 812 676 donatio
834 609 917 677 inter
939 609 1118 694 delegatum
1140 616 1173 680 et

157 731 356 817 delegantem
378 733 448 820 ipso
467 731 540 818 jure
561 732 649 800 nulle
671 737 731 818 est,
753 733 813 801 hoe
835 738 939 802 exstat
953 739 1172 823 preeeeptum:

226 855 264 922 L.
279 858 312 924 ὃ.
328 854 357 939 §-
373 857 405 940 4.
422 855 490 941 (24,
516 858 559 941 1).
596 856 652 941 „Si
675 876 756 924 uxor
775 858 836 925 viri
859 859 1006 926 creditori
1029 860 1172 926 donatio·

156 981 210 1047 nis
241 999 337 1048 eausa
363 981 560 1067 promiserit,
595 985 627 1048 et
655 980 871 1064 fidejussorem
900 983 1037 1068 dederit,
1072 1003 1172 1069 neque

158 1105 264 1172 virum
278 1103 417 1190 liberari,
437 1123 538 1190 neque
551 1103 717 1172 mulierem
733 1105 876 1192 obligari,
892 1106 943 1174 vel
957 1105 1173 1191 fidejussorem

157 1229 244 1314 ejrrs,
272 1228 418 1296 Julianus
446 1230 507 1314 ait,
536 1228 728 1316 perindeque
755 1229 864 1298 haberi
887 1249 924 1298 aa
947 1232 974 1298 si
996 1229 1075 1298 nihil
1098 1250 1172 1316 pro·

157 1350 329 1425 misisset·“

225 1477 346 1544 Rursus
368 1479 469 1545 oritur
490 1479 645 1563 quaestio,
667 1497 743 1544 num
765 1479 810 1564 id,
834 1479 918 1564 qnod
939 1477 991 1546 hie
1014 1478 1053 1547 de
1074 1480 1171 1548 dona·

157 1602 245 1668 tione
269 1601 353 1669 inter
381 1601 529 1686 oonJuges
551 1607 760 1688 praeeeptum
779 1607 845 1686 est,
875 1602 979 1670 valeat
1001 1604 1041 1670 ad
1064 1623 1171 1671 omnes

159 1743 213 1793 eos
227 1724 432 1810 delegationis
450 1743 552 1809 maus,
574 1725 609 1791 in
624 1724 737 1809 quibus
753 1723 880 1791 donatio
894 1727 979 1792 inter
994 1725 1172 1809 delegatum

160 1854 192 1917 et
212 1849 409 1933 delegantem
430 1849 500 1934 ipso
518 1847 592 1932 jure
614 1847 703 1914 nulla
725 1843 795 1914 es't?

226 1972 306 2057 Sed,
329 1976 366 2038 ut
383 1971 452 2054 jem
475 1971 744 2058 supradiximus,
767 1971 973 2039 dubitandum
997 1977 1055 2058 est,
1078 1993 1171 2060 prae-

157 2100 297 2182 ceptum,
320 2095 403 2180 queo
424 2095 534 2162 raum
556 2100 605 2162 eo
626 2096 665 2164 ee
682 2096 880 2165 odiosissime
896 2073 1073 2165 nonaeoni
1087 2099 1171 2166 inter

158 2221 263 2286 virum
286 2224 318 2288 et
339 2239 471 2288 uxorem
493 2239 579 2306 easn,
602 2220 642 2287 ad
665 2221 744 2288 alios
767 2221 863 2288 etiam
882 2241 973 2298 ausus
988 2223 1169 2290 trendens.

224 2343 279 2412 lIl.
312 2343 412 2412 Casus
434 2346 556 2414 tertius.
594 2343 766 2429 Delegatas
789 2344 946 2428 deleganti
968 2350 1000 2414 et
1021 2345 1170 2428 delegans

158 2468 349 2554 delegeturio
372 2471 489 2538 donare
512 2469 596 2564 vult,
623 2473 631 2490 ⁸

224 2592 273 2661 De
300 2613 337 2662 eo
366 2613 458 2680 casu,
486 2595 520 2661 in
543 2613 606 2680 quo
629 2593 729 2663 ultera
751 2590 876 2662 donatio
899 2593 969 2681 ipso
987 2591 1060 2679 jure
1082 2593 1170 2662 nulla

158 2725 223 2804 est,
251 2717 373 2784 nullum
395 2723 484 2786 extat
504 2724 718 2808 praeceptum.
756 2718 805 2786 De
828 2738 864 2786 eo
888 2723 994 2786 autem
1016 2694 1107 2804 essu,
1134 2721 1169 2786 in
1231 2751 1249 2781 ·

158 2861 219 2927 que
247 2842 426 2930 impugnari
453 2847 559 2930 potest
587 2841 841 2931 exceptionibus,
870 2843 1039 2927 praeeipue
1068 2842 1090 2906 l.
1113 2842 1167 2907 41.

157 2984 207 3051 pr.
224 2962 291 3051 (4'2,
317 2967 372 3051 1.),
394 2967 433 3033 de
456 2985 519 3051 qua
536 2967 604 3049 jam
627 2983 724 3051 supra
745 2965 975 3051 disputavimus
998 2962 1140 3030 disserit:

224 3087 261 3154 L.
283 3090 338 3154 41.
359 3107 410 3173 pr⁴
433 3087 501 3173 (42,
527 3088 569 3171 1).
609 3087 805 3172 ,Nesennius
832 3086 1041 3174 Apollinaris=
1070 3089 1097 3154 si
1125 3092 1168 3174 te,

157 3213 347 3278 donaturum
361 3211 450 3298 mihi,
467 3210 652 3295 delegavere
666 3211 815 3280 erediteri
829 3231 912 3297 meo,
927 3231 968 3280 an
983 3213 1017 3278 in
1032 3212 1168 3280 solidum

91 3381 99 3392 -
157 3335 388 3404 conveniendus
416 3335 480 3404 sis?
513 3335 557 3402 Et
585 3335 612 3403 si
635 3337 669 3403 in
692 3336 827 3407 solidum
849 3336 1097 3422 conveniendus,
1126 3357 1168 3404 an

158 3461 318 3529 diversum
339 3465 443 3548 putes,
467 3461 495 3528 si
516 3481 581 3528 non
602 3461 750 3530 creditori
770 3478 853 3548 meo,
876 3461 931 3530 sed
953 3460 994 3547 ei,
1018 3461 1068 3528 eui
1091 3460 1167 3529 dare
1266 3497 1270 3507 ,

157 3585 312 3671 volebam,
328 3590 361 3653 te
375 3584 579 3670 delegavero?
595 3635 713 3654 ......
736 3583 921 3674 Respondit,
945 3633 1062 3654 ......
1087 3585 1168 3652 sieut

109 3685 111 3690 ι
125 3721 131 3730 ’
156 3710 247 3780 heres
259 3707 418 3779 donatoris
428 3711 462 3776 in
473 3710 607 3778 solidum
619 3711 853 3797 eondemnatur,
866 3715 897 3780 et
911 3711 980 3798 ipse
991 3709 1166 3796 fidejussor,

157 3855 251 3922 quem
272 3835 307 3902 in
329 3835 474 3903 donando
496 3835 653 3921 adhibuit,
675 3837 721 3904 ita
743 3842 776 3904 et
798 3835 845 3921 ei,
868 3835 918 3902 eui
940 3853 1004 3902 non
1027 3833 1166 3919 donavit,

157 3959 191 4026 in
212 3959 348 4030 solidum
369 3957 625 4028 eundemnetur.“
