2852 4780
587 407 745 506 „co-

155 584 200 652 de
221 585 325 672 prisco
347 583 427 668 legis
450 581 577 658 cinctae
595 583 679 672 jore,
701 588 808 654 temero
831 604 850 652 e
867 584 1123 674 compilatoribus
1137 585 1172 654 in

155 706 334 778 Pendectee
356 713 502 796 receptos
525 713 583 776 661.

226 832 263 902 L.
280 835 334 900 21.
357 831 387 916 ξ.
406 836 435 900 1.
456 832 525 918 (39,
540 833 586 916 5).
633 832 716 917 „Sed
739 833 964 902 redemtorem
985 853 1091 906 meum
1113 835 1173 904 tibi

156 957 338 1026 donationis
364 957 551 1026 immodioee
578 975 672 1024 couno
693 959 877 1044 promittere
894 945 994 1044 jussi',
1023 980 1063 1026 en
1086 979 1171 1026 eum-

156 1083 297 1156 moverie
319 1082 497 1151 denotionis
520 1082 720 1169 exceptione,
749 1101 864 1168 neone,
889 1083 1085 1152 tractabitur.
1130 1083 1173 1152 Et

155 1225 251 1275 mous
273 1206 399 1292 quidem
415 1206 544 1274 debitor
560 1211 736 1295 exceptione
750 1216 780 1274 ‘tc
794 1220 934 1296 operirem
947 1209 1096 1304 repellere
1109 1232 1173 1274 oon

151 1342 273 1420 potest,
297 1332 372 1416 quic
393 1331 524 1417 perinde
548 1351 617 1398 eum
641 1332 731 1432 quasi
754 1337 897 1398 exactem
913 1352 932 1398 e
947 1331 1087 1400 debitore
1101 1352 1172 1400 meo
1227 1364 1234 1372 «

159 1473 316 1520 summam
339 1455 397 1522 tibi
419 1454 613 1541 donaverim,
635 1461 667 1523 et
688 1461 724 1522 tu
745 1456 834 1524 illem
857 1458 886 1524 ei
908 1454 1110 1526 crediderie.“

226 1577 378 1662 Dclegeto
405 1580 503 1662 igitur
526 1580 669 1666 exceptio
691 1579 771 1663 legis
794 1579 921 1650 Cinciae
943 1582 1093 1648 adversus
1117 1581 1172 1652 de·

157 1702 346 1786 legatarium
360 1707 533 1774 recusetur.
565 1701 699 1768 Causam
716 1707 833 1787 eutem,
856 1723 912 1770 cnr·
926 1704 972 1770 ito
987 1706 1172 1793 praecipiet,

154 1827 399 1911 jurisconsultus
422 1826 514 1894 effert
535 1827 723 1910 eem„qued
746 1847 818 1894 curn
839 1827 1045 1910 delegationis
1059 1833 1173 1898 nature

157 1957 289 2039 pugnet,
313 1952 340 2018 ei
362 1950 505 2032 delegato
528 1951 672 2037 exceptio
687 1971 728 2018 ex
737 1971 877 2036 persono
892 1950 1065 2034 deleganti·
1079 1971 1172 2040 pree-

159 2076 272 2142 beetur
295 2073 383 2158 (quie
404 2074 536 2160 perinde
559 2095 628 2140 enm
651 2075 734 2158 etc).
780 2073 881 2154 cuam
910 2076 949 2143 ob
973 2095 1100 2146 oensem
1127 2079 1172 2164 id,

84 2236 86 2241 .
160 2199 246 2285 quod
266 2199 378 2266 binde
401 2199 584 2285 exceptione
605 2199 685 2283 legis
700 2199 827 2267 Cinciae
841 2200 967 2288 dicitur,
990 2201 1030 2266 ad
1046 2205 1172 2286 quosvis

162 2322 361 2410 exceptiones
378 2343 548 2409 omnesque
570 2324 775 2407 delegatione
790 2343 881 2392 66616
896 2325 1066 2394 transferre
1081 2325 1172 2396 nobie

158 2445 271 2532 licct¹).

227 2574 258 2656 t)
283 2572 381 2640 Casus
404 2571 484 2640 elter
505 2574 534 2640 16
556 2577 615 2658 661,
639 2574 666 2639 si
689 2573 815 2640 donatio
837 2574 908 2660 ipoo
925 2571 998 2658 jore
1013 2573 1172 2644 11111661.

228 2696 264 2764 Si
286 2696 326 2764 ed
348 2697 432 2764 hunc
454 2698 550 2766 etiem
573 2717 787 2782 6161116616Ἰ
801 2717 881 2783 queo
893 2700 929 2772 in
943 2699 1013 2782 lege
1028 2701 1081 2766 21.
1098 2698 1127 2782 ξ.
1142 2704 1172 2766 1.

161 2821 230 2906 (39,
244 2823 278 2903 5)
301 2821 446 2908 effertur,
469 2823 625 2895 rationem
647 2822 878 2906 adhiberemus,
901 2823 991 2889 nobie
1013 2827 1172 2889 constare-

161 2965 232 3013 mes
262 2945 416 3016 dicenteez
451 2947 704 3032 stipulationem,
737 2945 863 3010 etiamsi
889 2944 960 3029 ipso
984 2942 1058 3026 jure
1086 2945 1173 3012 nulle

162 3069 289 3136 donatio
313 3074 372 3152 661,
394 3087 457 3136 non
472 3068 595 3134 violari.
629 3068 711 3134 Nem
733 3067 936 3135 menifestum
959 3072 1007 3134 661
1030 3067 1172 3138 dometio-

160 3213 235 3260 nem
256 3191 376 3258 nudam
399 3211 484 3277 6666,
510 3212 571 3260 non
597 3195 707 3279 sponte
731 3210 902 3279 apparere,
925 3191 979 3259 ced
1002 3213 1082 3279 opus
1104 3213 1173 3262 6666

161 3317 341 3384 defensione
371 3316 418 3382 rei
440 3317 480 3382 ed
501 3317 535 3382 id
558 3315 852 3401 demonstrandum,
881 3336 961 3400 quoe
983 3337 1173 3402 quemquem

160 3462 224 3509 non
241 3441 389 3528 ¹erreeptio
411 3424 557 3525 vocetur,
579 3445 685 3510 temen
707 3459 867 3526 nunqnam
890 3461 931 3506 ex
953 3441 1056 3511 aliena
1078 3461 1097 3508 o
1118 3461 1173 3509 reo

132 3659 138 3666 .
160 3568 283 3634 roticne
308 3566 410 3651 repeti
432 3564 533 3632 debet.

216 3741 237 3807 ι)
259 3739 430 3811 Proculejoni
452 3739 640 3808 exceptionem
661 3735 731 3810 legis
752 3737 863 3795 Cinciae
883 3745 1014 3810 tanquam
1037 3741 1173 3810 exceptio-

162 3853 225 3893 nem
247 3838 406 3907 popularem
428 3836 599 3892 trectendom
623 3851 685 3892 esee
706 3836 864 3894 censebant.
900 3837 1020 3903 Quorum
1038 3838 1175 3894 sententio

162 3934 186 3990 ei
204 3934 349 4004 valuisset,
371 3934 498 3991 nimirum
517 3933 642 4004 delegato
661 3935 744 3990 etiam
762 3934 894 3990 adversus
912 3933 1108 4006 delegatorium
1127 3950 1172 3992 ex·

163 4031 251 4102 ceptio
268 4030 338 4101 legio
357 4029 467 4088 Oincieo
485 4030 661 4088 concedende
677 4031 783 4088 1116661.
