2852 4780
588 387 747 486 *Q
793 351 795 354 ,

153 557 243 633 esset
263 561 402 632 donatio.
447 562 550 642 Quum
577 581 652 630 vere
681 561 734 632 lex
762 563 859 632 silete
887 563 1088 634 deustionem
1116 586 1174 652 per

154 687 395 774 stipulationem
422 687 596 774 perfectam
622 707 692 758 esse
718 688 818 774 diret,
847 687 927 756 nihil
952 689 1017 758 nisi
1037 689 1173 776 simplex

155 815 192 879 et
212 810 324 879 inutile
351 812 391 879 de
419 811 563 880 donando
591 817 719 899 paetum
744 813 947 899 promissioni
969 814 1173 884 enteeessisse

154 935 334 1025 putendum
357 941 416 1004 est

225 1060 279 1128 IV.
306 1060 398 1128 Retio
425 1055 509 1128 inter
535 1059 715 1145 delegatum
743 1061 1009 1148 stdelegantem‚
1037 1061 1171 1130 sidele·
1256 1063 1258 1067 ’

154 1190 251 1272 gatus
273 1185 423 1264 medendi
442 1203 537 1254 essse
559 1185 732 1270 delegetur.

224 1309 374 1397 Inprimis
402 1311 575 1377 sententiae
604 1315 748 1397 nestrae,
777 1332 857 1398 quse
886 1313 971 1379 inter
993 1311 1172 1395 delegatum

155 1439 192 1504 et
212 1434 410 1518 delegantem
431 1433 615 1503 mandatum
637 1435 832 1506 interemere
853 1441 964 1522 neget,
991 1436 1171 1520 adjumento

154 1563 233 1628 sunt
254 1559 317 1626 (lue
338 1557 410 1624 loei.
446 1561 449 1568 “

226 1684 257 1750 1.
279 1680 317 1748 L.
339 1680 395 1748 59.
417 1700 466 1768 pr.
490 1681 531 1750 de
551 1679 584 1748 J.
605 1681 648 1750 D.
672 1682 740 1768 (23,
763 1683 808 1766 3).
840 1681 897 1768 „Si
918 1683 1035 1754 mulier
1054 1685 1101 1752 ite
1113 1685 1172 1752 ‹lo-

156 1812 222 1876 tem
244 1805 440 1895 premiserit:
466 1805 595 1890 „desem
616 1806 692 1892 tibi,
716 1812 771 1875 aut
785 1807 868 1876 Titio
883 1806 1090 1900 deterunt,
1113 1809 1172 1878 hee

156 1951 233 2000 essu
253 1931 317 2000 diei
338 1935 459 2018 petest,
482 1930 533 2000 vel
556 1929 639 2000 Titio
662 1931 731 1998 deri
751 1952 862 2020 pesse,
895 1935 952 2002 sed
973 1936 1012 2002 de
1034 1936 1104 2002 dere
1125 1937 1171 2000 ei·

157 2081 228 2124 mm
247 2057 363 2140 ἰαστί,
390 2055 655 2142 quemadmodum
676 2057 706 2123 si
729 2057 811 2124 Titio
829 2057 978 2142 jussisset
1000 2058 1084 2140 ἀκτίς
1113 2077 1172 2128 nee

156 2182 290 2266 mirum,
314 2200 411 2267 quum
433 2181 529 2250 etiem
550 2183 747 2268 premissum
768 2183 837 2252 vire
859 2183 965 2250 dotem
993 2184 1095 2268 pessit
1117 2181 1171 2250 de·

156 2304 282 2390 legante
304 2325 341 2372 ee
365 2305 458 2374 elteri
479 2305 680 2392 promittere,
704 2305 764 2372 etsi
784 2305 848 2373 diei
862 2304 959 2390 solet,
982 2305 1053 2390 elii,
1077 2325 1171 2392 quem

9 2485 10 2488 ,
156 2430 283 2515 merito,
306 2429 390 2496 dotis
411 2430 538 2496 nemine
559 2429 726 2526 mulierem
747 2448 812 2497 non
829 2449 923 2516 pesse
938 2429 1081 2513 obligari.
1111 2429 1171 2501 Hie

156 2556 243 2623 enim
264 2553 388 2622 essibus
410 2557 477 2622 etro
501 2555 557 2628 dee
579 2556 748 2644 mastiter,
777 2574 842 2622 non
869 2554 954 2622 enim
976 2554 1170 2624 existimabi-

156 2699 229 2747 mus
255 2678 342 2746 illem
371 2680 417 2746 ite
444 2679 644 2766 pipimisium,
678 2700 776 2765 quum
803 2678 853 2746 vel
882 2679 922 2748 de
945 2679 1021 2748 Titii
1049 2679 1170 2767 nuptiis

155 2801 340 2888 teperet

223 2927 285 2995 Hie
306 2929 404 3010 igitur
426 2928 557 3010 dieitur,
580 2927 667 3010 vire,
690 2925 744 3010 qui
766 2924 872 2992 dotem
894 2925 924 2994 ei
942 2924 1171 3010 promissuram

155 3070 288 3118 uxerem
310 3051 404 3116 tertie
427 3049 552 3116 euidsm
574 3048 748 3134 delegavit,
771 3048 876 3116 dotem
899 3031 1017 3134 quaeri.
1055 3047 1170 3118 Mulier

30 3254 35 3262 .
156 3175 256 3258 igitur
277 3171 421 3257 delegata
449 3173 605 3242 petionem
627 3173 726 3258 dotis,
754 3193 819 3241 nenw
840 3174 995 3264 eetienem
1017 3175 1170 3262 mandeti,

157 3299 198 3366 sb
231 3299 354 3366 eetiene
388 3298 471 3366 dotis
500 3317 630 3384 prorsus
666 3298 840 3384 diversam,
878 3299 1029 3368 adversus
1066 3300 1169 3368 virum

155 3423 359 3492 neneiseitur.
443 3511 446 3517 q

224 3550 257 3616 2.
284 3546 322 3614 L.
348 3547 399 3614 19.
427 3545 458 3630 ᾧ.
482 3549 513 3614 3.
544 3546 612 3632 (14,
631 3548 676 3631 3).
723 3547 860 3634 „Servus
882 3549 1023 3635 peeuniis
1045 3551 1170 3620 tentum

156 3671 356 3742 foenerantis
377 3672 576 3759 praepositus
598 3693 656 3759 per
676 3674 934 3743 intereessienem
955 3695 1009 3741 ees
1032 3673 1169 3741 alienum

158 3798 350 3884 suscipiens,
371 3801 407 3864 ut
428 3797 570 3882 institor,
594 3797 756 3866 dominum
776 3799 811 3867 in
834 3797 969 3866 solidum
985 3798 1060 3881 jure
1073 3797 1169 3870 Prte-

157 3921 239 3988 terio
261 3941 325 3988 nen
347 3921 533 4008 adstringit
555 3923 639 4010 qued
661 3928 768 4002 sutem
788 3943 847 4010 pre
869 3939 924 4008 e0‚‘
947 3923 1001 4009 qui
1022 3922 1097 4006 (eiii)
1112 3944 1168 4019 pe·
