2852 4780
705 417 864 522 ...⁵2-

281 616 427 684 quausus
443 603 526 666 esset
540 595 712 683 delegatus,
724 617 744 664 a
755 597 940 685 stipulatore
951 596 1019 664 sine
1031 595 1125 666 dubio
1137 596 1207 685 ipso
1218 596 1307 682 jure

279 727 367 792 tutus
388 722 510 797 fuisset.
560 779 564 786 .

347 846 412 916 Gur
433 852 540 916 autem
561 845 723 930 delegatus
738 845 839 934 priori
853 852 996 934 tempero
1009 847 1096 916 omni
1110 845 1307 916 defensione

254 972 427 1058 ,seruerit
449 989 566 1057 surque
588 972 731 1058 exceptio
754 971 818 1040 doli
839 991 898 1058 por
911 970 1074 1043 lulianum
1091 975 1203 1058 postea
1217 991 1303 1040 eon-

280 1116 368 1166 eessa
391 1097 443 1182 sit,
466 1102 534 1164 tum
557 1095 683 1165 demum
705 1095 882 1178 intelligere
902 1097 1039 1182 poteris,
1068 1095 1096 1162 si
1119 1099 1302 1184 sumpseris

279 1220 453 1289 normalem
476 1219 688 1305 stipulationis
711 1220 880 1288 formulam
902 1225 1021 1291 certam
1042 1220 1150 1290 fudere.

346 1343 489 1413 Eandem
526 1343 714 1415 sententium
750 1345 846 1414 etiam
879 1344 982 1412 Baehr
1019 1349 1161 1429 saeptus,
1199 1345 1300 1412 dioit:

283 1467 364 1552 „Die
397 1465 654 1550 neugeseloaffane
687 1466 871 1552 Fordsrnng
903 1470 947 1536 ist
978 1489 1041 1537 vnn
1075 1468 1137 1537 den
1171 1469 1300 1538 maran

281 1591 551 1663 Sehnldverhtlt‘
506 1597 627 1661 tmss'en
655 1613 735 1674 ganz
763 1593 972 1676 unabhtngig.
1010 1591 1147 1660 Freilieh
1173 1594 1297 1662 konnte
1405 1641 1406 1670 ι

280 1715 350 1783 eine
371 1715 606 1799 Abhangigkeit
591 1716 768 1784 tdednooh
790 1715 1024 1800 herbeigellihrt
1010 1715 1172 1782 twerden
1192 1717 1296 1784 dureh

273 1839 331 1906 ‘die
351 1839 482 1906 relative
499 1840 643 1924 Fassung
663 1842 719 1908 der
735 1840 1088 1927 stipulationsformeln,
1109 1841 1215 1908 indem
1236 1843 1297 1908 der
1405 1847 1406 1852 ’

281 1959 455 2040 Sohuldner
481 1985 542 2031 nur
563 1965 746 2052 verspraoh:
782 1965 933 2051 quidquid
959 1985 1030 2032 eum
1061 1970 1207 2031 exemto
1233 1971 1295 2033 ete.

280 2085 363 2152 Titio
381 2083 462 2152 'dare
483 2087 586 2153 faeere
610 2085 804 2174 oportebat.“

347 2207 464 2288 Quodsi
486 2211 589 2278 forma
609 2211 743 2278 relativa
765 2211 930 2279 adhibetur
951 2212 1126 2298 putandum
1150 2217 1209 2298 est,
1236 2235 1294 2282 vo-

278 2335 400 2403 luntate
423 2337 674 2405 contrahentium
697 2336 901 2419 delegationis
917 2337 971 2421 jus
995 2337 1113 2423 aliquid
1135 2342 1295 2404 mutatum

280 2481 357 2527 esse.
396 2457 478 2526 Illud
496 2482 629 2548 quoque,
651 2461 787 2532 formula
801 2461 944 2546 relativa,
968 2482 1048 2547 quae
1063 2461 1213 2530 normalis
1227 2484 1295 2529 non

280 2589 344 2668 est,
368 2583 525 2670 adhibita,
548 2587 668 2670 evenit,
694 2591 731 2651 ut
759 2606 796 2652 ea
818 2590 941 2652 tantum
969 2585 1118 2670 obligatio
1147 2591 1293 2672 novetur,
1389 2557 1406 2639 -¹

279 2705 368 2791 eujus
396 2708 608 2794 stipulationis
637 2709 839 2796 oonoeptione
865 2710 945 2776 ratio
968 2710 1076 2778 habita
1099 2716 1162 2796 ast,
1191 2712 1293 2778 altera
1372 2699 1406 2788 ,ἶ

280 2836 385 2899 autem
406 2853 470 2900 non
494 2833 563 2921 ipso
582 2829 666 2919 jure,
690 2833 745 2901 sed
767 2855 827 2922 ope
850 2836 1042 2921 exceptionis
1061 2835 1134 2920 jure
1156 2821 1290 2902 insolu-

278 2962 347 3025 tum
369 2958 505 3030 dationis
528 2957 666 3025 tollatur.
1261 3035 1264 3040 ,

286 3076 288 3084 ’
345 3078 461 3149 Forma
489 3087 594 3156 autem
623 3083 774 3168 normali,
802 3103 897 3169 quam
922 3084 1008 3167 leges
1035 3084 1075 3150 de
1096 3081 1290 3167 delegatione

279 3205 371 3272 datae
395 3211 548 3293 spectant,
571 3213 733 3294 usurpata,
756 3207 874 3295 duplex
897 3229 1022 3297 semper
1044 3208 1170 3275 novatio
1193 3207 1249 3300 fit

208 3390 212 3397 '
278 3383 333 3450 III.
372 3383 476 3454 llario
502 3405 592 3471 pauo
615 3383 771 3472 delegato
795 3406 868 3451 eam
891 3385 1087 3475 delegante,
1117 3386 1291 3474 dalepoatt

471 3509 474 3515 ’
521 3519 631 3576 autem
654 3531 729 3576 eam
752 3507 964 3595 delegaturio
989 3522 1049 3578 est.
1115 3531 1118 3534 ·

747 3668 776 3752 e.
794 3671 824 3734 s.

623 3793 663 3856 1.·
686 3792 946 3860 Introduotio.
969 3801 970 3806 ’

345 3914 381 3982 Si
402 3933 512 3982 verum
541 3918 589 3981 est
616 3916 818 4002 stipulatione
845 3919 929 3984 inter
954 3916 1181 4000 delegatarium
1203 3918 1289 3984 dele·

279 4035 456 4126 gatumque'
470 4045 631 4107 eontracta
653 4039 745 4127 effici,
770 4044 808 4106 ut
829 4041 990 4124 delegatus
1012 4039 1188 4128 deleganti‚'
1204 4042 1289 4110 dels-
1405 4091 1406 4096 ,
