2834 4780
777 397 820 466 80

293 581 331 648 L.
350 585 379 648 1.
396 580 425 664 ξ.
444 581 495 647 10.
511 579 579 663 (44,
594 577 639 660 5).

341 703 485 790 „Quodsi
505 708 657 790 petronus
685 700 834 768 libertum
862 719 955 766 suum
981 699 1176 783 delegaverit
1204 699 1329 768 credi-

338 829 411 913 tori,
427 831 476 894 'an
498 827 648 894 adversus
670 823 873 908 creditorem,
896 824 948 889 cni
975 823 1137 907 delegatus
1159 824 1327 910 promisit

338 952 493 1020 libertatis
516 970 611 1018 cansa
625 948 812 1031 onerandas,
835 946 1018 1033 exceptione
1040 949 1103 1016 iste
1122 949 1170 1014 uti
1192 949 1323 1034 possit,

310 1077 511 1144 rideamus.
555 1073 599 1140 m
627 1071 755 1138 Cassius
790 1071 988 1138 existimasse
1016 1069 1163 1138 Urseimn
1196 1073 1320 1155 refert,

339 1200 525 1266 creditorem
548 1196 675 1282 quidem
696 1195 825 1262 minime
841 1213 908 1262 esse
931 1195 1190 1262 summovendum
1213 1214 1319 1261 exec-

339 1323 458 1408 ptione,
481 1321 555 1405 quin
577 1339 669 1386 sunm
683 1320 817 1405 recepit3
840 1324 1057 1386 verumtamen
1078 1319 1227 1387 libertum
1251 1339 1317 1404 pa-

339 1431 430 1512 trono
453 1461 546 1530 posse
559 1443 734 1526 condicere,
756 1445 785 1508 ei
805 1467 869 1510 aaa
892 1445 1108 1531 temipmdee
1130 1455 1314 1510 contecer-

339 1573 405 1636 eice
424 1572 530 1656 pratia
552 1570 587 1634 r'd
600 1562 710 1655 fecit.“

363 1695 394 1760 2.
426 1691 473 1758 At
494 1711 568 1758 vero
591 1691 625 1757 in
647 1690 880 1775 adnectetur,
903 1709 1006 1758 nonne
1031 1689 1194 1774 delegatus
1215 1691 1311 1774 adju-

295 1817 416 1896 vandus
439 1815 509 1882 est?
531 1815 647 1902 quippe
676 1833 773 1899 quum
794 1814 933 1900 priorem
961 1812 1183 1896 obligationem
1205 1815 1310 1900 respi-

296 1940 381 2004 ciens
409 1938 550 2006 solvendi
572 1957 666 2004 eausa
693 1937 890 2024 promiserit,
913 1935 1120 2024 voluntasque
1143 1938 1211 2022 ejus
1233 1959 1309 2024 pro-

295 2062 441 2128 mittendi
469 2061 644 2127 arctissime
667 2065 751 2126 certe
781 2081 853 2126 cum
881 2061 1021 2127 solvendi
1043 2061 1205 2128 voluntate
1233 2081 1307 2128 con-

290 2185 401 2270 juncte
418 2185 522 2252 fuerit.
557 2183 656 2269 Atqui
676 2205 789 2270 quum,
813 2205 908 2251 causa
929 2186 1135 2271 praecedente
1157 2185 1307 2270 invalida,

207 2343 213 2356 ι
296 2309 409 2378 solutio
434 2309 504 2376 fieri
523 2329 587 2375 non
613 2310 729 2396 possit,
756 2310 845 2374 visne
872 2329 944 2374 eurn
965 2314 1076 2400 temen·
1097 2311 1306 2398 promissione

296 2436 466 2518 obligatum
489 2453 616 2500 manere
636 2453 694 2500 nec
715 2434 897 2520 exceptione
914 2433 1063 2500 adversus
1079 2433 1305 2516 delegatarinm
1393 2509 1394 2516 ἵ

294 2557 363 2622 nti?
396 2555 592 2642 Quamquam
614 2557 648 2622 in
669 2557 729 2623 hoc
752 2559 874 2642 qnoque
897 2575 972 2623 casu
994 2557 1155 2641 delegatus
1179 2577 1198 2624 a
1222 2559 1303 2625 dele-

295 2685 388 2763 gante
410 2681 576 2768 pecuniam
597 2678 854 2748 liberationemve
877 2681 1071 2748 condictione
1092 2681 1225 2750 indebiti
1247 2703 1301 2769 pe-

294 2809 361 2873 tere
383 2809 497 2892 potest,
520 2809 627 2871 tamen
649 2805 720 2892 quis
743 2809 802 2889 eei,
826 2805 880 2890 qui
904 2806 1026 2874 nesciet
1050 2807 1227 2890 „interesse
1248 2827 1300 2894 pe·
1393 2799 1394 2804 ’

294 2930 419 2996 cuniam
440 2931 576 2997 retinere
599 2931 716 3016 potius,
740 2949 834 3016 quem
856 2931 992 2998 solutam
1013 2901 1187 3018 repetere,“
1211 2931 1298 2998 l.15.

295 3051 362 3135 (46,
386 3053 438 3126 n?
477 3053 567 3130 Quod
596 3056 695 3121 cuivis
723 3060 789 3121 tam
817 3075 952 3140 aequum
979 3057 1128 3141 videtnr‚¹
1143 3061 1180 3121 nt
1205 3056 1298 3121 etiem

293 3172 461 3259 Donellus,
483 3175 590 3258 legum
613 3177 652 3244 de
674 3179 734 3244 hac
755 3199 790 3244 re
812 3185 981 3265 praecepta
1003 3180 1181 3266 explicans,
1205 3179 1296 3246 dicat:

296 3287 410 3382 „jueta
427 3297 580 3365 dubitatio
608 3299 660 3366 hic
682 3299 768 3368 eliud
791 3301 923 3369 suadere
945 3302 1095 3371 videtur“
1120 3301 1202 3386 (Lib.
1218 3301 1296 3369 XVI.

294 3421 332 3488 de
346 3442 418 3488 nov.
435 3427 467 3488 et
481 3421 605 3505 delegi.
635 3422 756 3507 Legem
777 3431 882 3493 autem
896 3431 1065 3514 praecepta
1086 3429 1200 3495 haecce
1214 3432 1296 3494 sunt:

360 3550 397 3622 a)
430 3545 601 3628 Delegetue
630 3549 755 3616 etiamsi
777 3550 846 3636 ipsc
871 3550 944 3635 June
967 3550 1125 3635 deleganti
1146 3551 1227 3618 nihil
1247 3551 1296 3616 de·

292 3669 396 3752 bebai,
418 3670 602 3755 exceptione
624 3672 773 3740 adversus
790 3673 1018 3757 delegandum
1040 3677 1088 3742 uti
1110 3695 1173 3742 non
1187 3678 1294 3762 potest,

292 3793 348 3862 sed
369 3793 463 3906 habet
485 3794 712 3862 condictionem
735 3799 813 3863 certi
834 3819 890 3865 seu
912 3799 1025 3866 incerti
1046 3798 1197 3866 adversus
1217 3797 1293 3864 dele·
1392 3841 1393 3926 q

292 3921 430 4018 gentem,
452 3921 547 4004 prout
567 3924 623 3986 aut
645 3920 750 4006 solvit,
772 3927 827 3987 eut
849 3922 988 3988 nendum
1011 3923 1105 3990 solvit
1126 3923 1291 4008 pecuniam.
