2852 4780
722 399 880 498 L

294 579 372 648 ralis
391 576 581 662 numeratio,
605 575 664 661 eit,
687 593 750 660 qua
772 574 843 660 quir
866 573 991 660 Tertio,
1010 573 1099 660 ouius
1117 572 1211 658 jmsu
1232 595 1318 662 pre-
1411 575 1412 604 l

295 705 394 789 misit,
417 702 572 770 actionem
594 699 706 768 orediti
729 699 880 786 aequitat.
916 698 1028 767 Nonne
1049 698 1148 784 igitur
1168 699 1318 784 cogitare

176 818 180 824 ’
294 845 462 916 possumus
495 825 632 912 aliquem
659 843 810 907 uxorem,
843 822 949 892 dotem
974 823 1039 910 ipsi
1065 823 1316 910 promissuram,
1351 841 1356 849 ·

295 953 401 1022 Tertio
424 951 560 1035 ealdan,
587 949 639 1016 oui
660 948 836 1016 crediturus
859 951 908 1014 est
928 947 1084 1032 delegare,
1105 948 1152 1014 ita
1173 953 1210 1014 ut
1230 969 1313 1035 pro·

294 1077 445 1146 missione
466 1075 551 1142 faeta
574 1078 606 1142 et
628 1073 709 1140 aetio
732 1072 815 1140 detis
837 1071 963 1140 mulieri
979 1072 1130 1141 aduermo
1144 1073 1311 1158 madium,

296 1206 328 1270 et
350 1201 431 1268 aetio
454 1198 566 1266 eruditi
585 1198 701 1264 marito
725 1196 876 1264 adversus
897 1195 1124 1280 delegaturium
1137 1197 1311 1267 ammons?

363 1325 393 1390 l.
427 1322 563 1390 Donatio
590 1342 612 1388 a
639 1321 781 1404 delegato
810 1321 967 1404 deleganti
995 1325 1028 1388 et
1051 1321 1136 1388 delio
1159 1320 1310 1390 eredendi

295 1465 391 1515 eausa
410 1466 433 1513 a
454 1445 617 1529 delegante
638 1445 830 1528 delegatorio
852 1445 964 1514 meme.

364 1569 460 1656 Cujus
497 1569 734 1656 compositionis
767 1569 827 1658 hoo
859 1569 950 1636 nobie
982 1567 1121 1636 lentibus
1154 1567 1310 1636 traditum

296 1695 477 1783 exemplum
500 1698 562 1762 est:
592 1693 723 1780 aliquis,
752 1693 878 1760 mulieri
901 1693 1089 1778 donaturus,
1116 1693 1155 1760 ab
1178 1712 1217 1760 eo
1237 1693 1307 1760 uiro

295 1821 330 1888 in
353 1821 459 1890 dotem
480 1818 654 1903 delegatur,
676 1819 722 1886 ite
743 1822 780 1886 ut
800 1818 1009 1905 promissione
1031 1823 1063 1884 et
1085 1817 1142 1884 dos
1163 1821 1195 1886 et
1209 1817 1307 1886 dona-

295 1945 342 2015 tio
365 1945 461 2012 simul
481 1941 699 2030 perfioiantur:
722 1943 744 2010 l.
759 1944 801 2008 41
819 1962 868 2029 pr.
884 1943 952 2028 (42,
977 1942 1021 2026 1),
1043 1943 1065 2008 l.
1082 1943 1124 2008 33
1142 1941 1209 2027 (23,
1233 1943 1279 2024 3).

362 2066 455 2133 Haud
487 2066 614 2135 diffieoe
648 2071 754 2132 autem
788 2067 849 2132 erit
882 2067 1062 2152 exemplum
1094 2065 1180 2134 illius
1214 2085 1308 2134 oeeus

296 2209 499 2278 oomponere,
525 2191 561 2256 in
589 2209 650 2276 quo
680 2189 845 2275 delegans,
874 2191 924 2258 oui
949 2190 1111 2274 delegatus
1131 2173 1309 2258 donatmus

295 2320 380 2401 erat,
408 2316 455 2382 ita
480 2315 589 2382 eredat
618 2314 825 2399 delegatam,
851 2318 888 2381 ut
909 2315 972 2401 ipsi
994 2315 1076 2380 aelio
1099 2285 1211 2382 erediti
1230 2315 1309 2383 iude
1411 2359 1412 2362 =

295 2440 429 2507 oriatur:
458 2444 553 2526 puta,
579 2443 629 2524 te,
658 2439 766 2506 deoem
790 2438 869 2506 mihi
892 2439 1097 2523 donaturum,
1121 2438 1213 2522 jussu
1234 2459 1308 2506 meo

295 2564 404 2632 dorem
434 2563 465 2627 ei
494 2563 695 2648 promittere,
730 2563 780 2630 oui
807 2563 992 2631 tantundem
1020 2563 1197 2630 erediturus
1224 2581 1308 2630 sum.

294 2685 437 2754 Fortuito
468 2685 566 2768 igitur
597 2684 704 2751 dioere
735 2685 811 2752 lieet
841 2687 960 2754 laetum
990 2707 1075 2772 osse,
1108 2691 1148 2754 ut
1177 2691 1310 2755 mreent

293 2811 397 2878 lentes
420 2807 573 2893 ejusmodi
595 2809 750 2895 exemplo.

362 2936 393 3002 8.
427 2933 523 3002 Delio
556 2932 703 3002 credendi
737 2951 834 2999 eausa
863 2933 1052 3018 adelegato
1081 2932 1240 3020 deleganti
1272 2941 1309 3004 et

294 3059 421 3124 donatio
444 3077 464 3124 a
486 3058 648 3142 delegante
671 3057 862 3140 delegatoris
884 3058 996 3126 motae.

360 3181 409 3246 Ne
430 3180 523 3262 hujus
546 3183 672 3266 quidem
694 3202 785 3249 easus
806 3184 943 3250 extatin
955 3183 1095 3252 tontibus
1110 3184 1291 3271 exemplum
1297 3210 1307 3265 ;

231 3343 234 3349 ,
294 3307 412 3387 tamem
435 3306 468 3370 et
488 3307 555 3368 mm
576 3304 668 3370 laeile
690 3305 744 3374 ille
767 3306 898 3387 eogitmi
920 3310 1036 3392 potest,
1059 3311 1091 3374 et
1113 3308 1217 3376 evenit
1237 3311 1308 3374 tam
1409 3351 1410 3362 a

295 3447 390 3513 saepe
415 3427 450 3492 in
472 3427 538 3492 vita
560 3426 752 3512 quotidiana,
775 3463 817 3474 -
839 3432 919 3515 puta
939 3433 982 3515 te,
1004 3431 1084 3498 mihi
1105 3432 1214 3500 desem
1235 3449 1307 3498 ere.

294 3551 452 3635 diturum,
470 3550 562 3634 jussu
583 3571 654 3620 meo
678 3552 724 3636 ei,
744 3552 797 3619 oui
818 3554 1004 3621 tantundem
1026 3555 1199 3623 donaturus
1218 3575 1306 3641 sum,

293 3674 480 3760 promittere
503 3709 545 3720 -
568 3680 621 3760 ut,
647 3677 837 3761 praesertim
859 3697 956 3763 quum
973 3679 1043 3762 jam
1064 3683 1112 3746 tot
1132 3676 1305 3762 delegaue-

294 3817 372 3865 num
404 3798 551 3886 exempla
582 3819 624 3866 ex
649 3799 789 3868 lontibus
818 3801 1034 3886 attulerimus,
1067 3800 1212 3869 dubitare
1239 3821 1305 3870 non

294 3925 462 4010 possimus,
484 3923 562 4010 quin
583 3928 760 3992 statuamus
781 3926 816 3994 in
833 3927 915 4033 Juris
938 3925 1033 3994 edam
1047 3925 1132 4014 apud
1146 3925 1303 3994 Romanos
1408 3907 1409 3935 ¹
