2852 4780
589 423 750 520 gp-

160 601 391 688 intorpretotur
413 599 499 670 hisce
516 599 636 671 vorbisz
660 620 753 684 ,oum
768 599 954 688 simpliciter
967 601 1177 689 mendaseuit,

162 727 199 792 id
223 731 271 794 est
292 746 358 795 non
378 721 601 807 delegaveris.
639 723 864 794 Libentissime
884 725 965 797 hano
987 725 1178 813 intorpreta-

162 851 284 921 tionem
305 867 530 936 sequeremur,
557 848 620 918 nisi
647 849 845 934 timeremus,
873 869 918 920 ne
937 850 1123 936 simplicitas
1146 854 1180 917 et

163 975 274 1050 tennitas¹
288 974 352 1044 loci
366 973 539 1056 tolleretur,
563 972 591 1042 si
606 973 822 1058 probaremus,
845 977 1048 1043 contentum
1061 994 1179 1043 novum

164 1097 294 1182 aliquod
315 1097 434 1164 iactuum
456 1096 617 1180 accedens,
639 1096 725 1180 quod
747 1096 875 1182 quidem
896 1097 961 1184 ipsi
976 1098 1179 1184 sumpsimus,

164 1221 223 1290 sed
238 1241 345 1290 casum
359 1241 490 1308 prorsus
504 1239 622 1290 novum
636 1219 778 1291 clausula
791 1219 850 1292 illa
859 1221 1023 1294 contineri.
1049 1219 1180 1298 Glossee

164 1349 272 1414 summ
287 1346 486 1431 sententiam,
507 1350 655 1431 utsupra
670 1345 885 1431 cognovimns,
899 1345 1068 1420 Duareous
1083 1346 1179 1418 mam

166 1474 291 1541 secutus
314 1491 383 1538 esse
404 1470 540 1538 videtur.
680 1507 684 1514 ·

233 1593 311 1662 dure
337 1595 435 1677 igitur
463 1597 613 1680 putamus
634 1591 725 1662 illum
747 1591 850 1666 locam
874 1591 980 1664 afferri
1001 1615 1065 1668 non
1086 1611 1179 1681 posse

88 1800 92 1806 Ι
165 1721 276 1786 contra
296 1723 439 1786 nostem
461 1717 658 1786 sentenn'am.
694 1718 697 1724 ’
819 1735 825 1746 ·
945 1715 952 1730 “

225 1842 285 1908 Λᾶ
308 1861 480 1909 summam
503 1840 652 1923 delegare.
665 1859 730 1906 non
745 1837 968 1907 estmandore.
1001 1837 1180 1913 (lensenses

166 1966 276 2051 igitur,
299 1967 353 2050 qui
369 1966 405 2031 in
419 1965 613 2048 delegatione
628 1964 712 2032 inter
727 1963 923 2046 delegantem
938 1962 1180 2046 delegetsnium·

168 2109 229 2174 que
251 2094 284 2156 et
304 2089 389 2156 inter
410 2088 605 2172 delegantem
629 2108 667 2158 ee
688 2087 866 2172 delegatum
887 2086 1078 2174 requiritur,
1101 2087 1182 2160 nihil

167 2213 253 2279 aliud
269 2218 327 2298 est,
343 2233 437 2300 quam
453 2233 621 2281 consensus
637 2213 846 2282 desolatione
861 2213 965 2284 verbis
979 2213 1180 2298 perficiendo.

166 2334 276 2422 ltaque
310 2337 338 2404 si
370 2338 531 2424 stipulatio
563 2339 646 2404 inter
668 2311 906 2420 delegaturium
939 2341 971 2401 et
1002 2335 1181 2418 delegatum

153 2461 375 2548 contrahitur,
397 2462 515 2550 duplex
536 2459 699 2549 perficitur
721 2459 846 2546 solutio,
869 2479 933 2528 non
953 2459 1071 2547 duplex
1090 2479 1181 2528 man·

167 2585 287 2654 datum.

622 2763 652 2850 ξ.
671 2768 723 2834 11.

510 2967 514 2974 ,
566 2906 602 2976 0.
636 2904 785 2980 Samma.

90 3130 93 3134 ⁴
234 3081 308 3148 Jam
329 3083 427 3166 igitur
448 3085 629 3167 praecepta,
645 3100 733 3165 quac
756 3101 796 3148 ex
817 3081 952 3150 normali
973 3085 1082 3148 nostro
1106 3101 1181 3150 casu

167 3206 378 3293 percepimus,
401 3205 539 3272 breviter
561 3203 809 3292 conplectnmurz

234 3329 286 3396 Ex
309 3329 445 3417 simplici
466 3329 523 3396 illa
546 3330 713 3415 sententia,
736 3329 931 3413 delegatione
952 3331 1036 3397 facta
1050 3329 1181 3416 perinde
1268 3409 1271 3414 Α

169 3475 248 3540 esse,
271 3473 308 3521 cc
331 3456 359 3520 si
382 3454 528 3538 delegans
552 3460 711 3541 acceptam
735 3475 754 3521 a
776 3453 918 3536 delegato
941 3453 1108 3540 pecuniam
1126 3454 1181 3520 de-

167 3579 321 3663 legatoris
348 3579 493 3664 solverit,
521 3579 573 3645 hic
599 3583 705 3646 autem
732 3577 875 3661 delegato
904 3597 975 3645 eam
1002 3576 1181 3663 crediderit,
1304 3571 1310 3582 “

168 3703 251 3772 haec
267 3707 459 3790 consequuta
482 3707 568 3770 sunt:

238 3831 268 3894 1.
300 3828 495 3912 Delegatenii
518 3846 586 3894 esse
608 3825 783 3913 peniculum
797 3827 935 3896 nominis
950 3824 1098 3912 delegati,
1119 3824 1182 3893 nisi

169 3951 300 4038 speciali
321 3958 414 4039 pacto
437 3952 585 4036 delegans
607 3952 783 4038 periculum
805 3953 839 4019 in
862 3973 896 4020 sc
919 3951 1066 4038 suscepit.

967 4063 1014 4118 ὅθ
