2834 4780
514 399 519 406 ’
549 431 708 532 ,ΑΞ-

113 607 150 672 te
168 602 254 676 Titio
277 604 353 674 dare
374 609 510 693 oportet,
532 607 566 674 id
587 608 666 674 mibi
688 608 764 676 dare
781 609 937 696 spondes?
959 613 1030 676 aut:
1052 610 1136 697 quod

115 727 242 799 Titium
263 729 342 798 mibi
364 731 441 800 dare
463 736 603 818 oportet,
628 733 662 800 id
684 733 763 802 mibi
785 733 861 802 dare
882 733 1040 821 spondes?
1063 734 1137 818 jure

115 858 229 921 autem
256 855 434 924 novationis
448 875 532 924 eam
560 855 659 924 solam
686 857 755 924 tolli
782 858 1023 944 obligationem,
1055 879 1138 944 quae

116 977 293 1046 seeundum
311 978 408 1047 verba
430 979 641 1066 stipulationis
663 981 698 1048 in
720 981 957 1068 stipulationem
974 983 1137 1050 suanense

117 1105 187 1185 est,
216 1102 348 1169 alteram
375 1107 484 1170 eontra
510 1103 734 1188 obligationem
754 1105 825 1190 ipso
842 1105 915 1189 jure
932 1105 1005 1190 jure
1027 1107 1062 1174 in
1085 1126 1135 1174 so-

116 1223 381 1294 lutumdaeionis
403 1226 483 1294 tolli.

187 1347 224 1416 Si
245 1348 399 1418 formulae
421 1351 518 1436 duae,
547 1371 566 1417 a
588 1350 739 1436 Fittingio
763 1351 894 1437 abelae,
922 1352 1008 1420 solae
1030 1358 1136 1422 essent

119 1476 231 1558 aptae,
258 1474 458 1543 ooneedimus
487 1495 563 1542 sane
586 1475 719 1544 alteram
741 1476 965 1560 obligationem
986 1481 1136 1544 novatam

120 1615 206 1681 esse,
234 1599 310 1682 quin
339 1598 439 1666 altera
466 1605 573 1667 autem
600 1601 669 1686 ipso
693 1601 766 1684 jure
792 1601 921 1667 tollatur
942 1601 1133 1670 dubitamus.

118 1718 248 1789 Etenim
275 1723 335 1788 iao·
353 1741 422 1789 esse
443 1724 483 1788 win
511 1723 649 1789 solutum
671 1724 847 1808 dationem,
875 1728 982 1790 tamen
1005 1726 1134 1792 demon·

120 1845 286 1914 strandum
314 1850 369 1912 est
382 1847 416 1912 in
440 1845 579 1914 solutum
600 1845 728 1912 datium
748 1846 902 1932 nominis,
929 1867 988 1934 per
1009 1847 1135 1931 delega-

119 1969 239 2036 tionem
258 1970 353 2055 faeta,
375 1970 444 2056 ipso
461 1969 534 2054 jure
549 1969 722 2038 debitorem
735 1970 875 2057 liberari,
897 1975 934 2038 ut
948 1971 982 2037 in
997 1971 1135 2038 solutum

121 2091 247 2160 datione
275 2095 331 2162 rei.
375 2093 460 2178 Lege
480 2096 513 2160 4.
543 2094 582 2162 de
607 2115 679 2162 nor.
708 2100 740 2162 et
762 2095 862 2178 doleg,
885 2093 970 2164 berte
991 2096 1051 2164 boe
1072 2097 1133 2164 im-

119 2223 293 2304 pugnatur:

144 2366 149 2370 ·‘
168 2341 228 2427 „Si
249 2344 447 2413 ususfruotue
469 2342 644 2410 debitorem
658 2363 765 2410 meum
779 2342 965 2428 delegavero
978 2344 1048 2429 tibi,
1070 2363 1134 2411 non

164 2472 296 2534 noratur
317 2467 466 2552 obligatio
485 2487 567 2552 mea,
590 2467 734 2553 quamvis
750 2471 927 2556 abreptione
942 2469 1015 2554 doli,
1038 2469 1088 2535 ool
1100 2471 1135 2536 ia

56 2587 58 2590 ’
158 2591 283 2680 saccom
305 2595 392 2658 tutus
414 2592 526 2659 debeat
548 2611 617 2659 esse
639 2592 792 2659 adversus
805 2611 857 2658 me
870 2591 916 2677 is,
938 2593 993 2677 qui
1009 2593 1133 2677 delego·

165 2718 215 2782 tus
230 2690 341 2798 inerit3
365 2720 397 2784 et
411 2735 475 2784 non
490 2716 592 2785 solum
607 2717 705 2784 donee
720 2721 830 2785 manet
843 2695 911 2801 ejus
925 2719 1134 2804 anamotus,

165 2839 215 2908 oui
237 2841 390 2928 delegari,
414 2841 470 2908 sed
487 2842 584 2908 etiam
598 2847 671 2928 post
683 2842 848 2908 interitum
863 2842 931 2926 ejus
946 2841 1133 2927 ridebimus,

166 2965 238 3050 quia
260 2966 356 3032 mam
378 2966 438 3032 boo
460 2967 693 3034 incommodum
716 2966 829 3049 sentit,
853 2965 882 3030 si
904 2968 1133 3050 postmortem

164 3109 267 3156 meam
289 3093 415 3157 maneat
438 3090 467 3155 ei
490 3089 704 3170 ususfruotus3
727 3093 759 3155 et
780 3088 858 3155 base
877 3087 987 3156 eadem
1001 3087 1134 3156 dieenda

166 3217 238 3279 sunt
260 3213 294 3278 in
316 3213 455 3298 qualibet
477 3195 666 3295 obligatione
688 3232 840 3300 personae
863 3211 1074 3280 ooboerenti.“

209 3336 337 3424 Speoies
363 3337 455 3422 hujus
483 3337 563 3421 legis
591 3337 669 3404 boso
697 3341 760 3404 est:
790 3337 912 3406 debitor
934 3337 1132 3404 ususfructus

123 3461 181 3544 (so.
205 3462 432 3545 substituendi)
461 3483 501 3530 ex
528 3461 689 3530 voluntate
716 3462 880 3530 obedituris
907 3462 957 3528 ssi
991 3461 1133 3528 solvendi

124 3593 214 3654 eausa
235 3587 329 3654 tertio
352 3587 476 3654 auidam
498 3587 728 3654 usumbuotum
745 3585 902 3672 promisit.
934 3585 1133 3664 Quumsnova

124 3711 296 3797 promissio,
319 3716 450 3798 propter
463 3711 662 3799 personalem
677 3711 875 3778 ususfruetue
889 3715 1047 3797 naturam,
1064 3731 1132 3778 ma·

124 3835 231 3902 aliem
263 3835 376 3903 hebeat
405 3855 425 3902 a
453 3836 559 3921 priore
588 3837 776 3919 obligatione
804 3855 934 3922 prorsus
963 3835 1132 3920 diversam,

124 3960 289 4027 transfusio
311 3959 428 4046 prioris
451 3959 650 4044 obligationis
672 3961 706 4026 in
726 3961 933 4046 posteriorem
948 3977 985 4026 ao
1000 3958 1136 4044 proinde-
