2834 4780
557 395 715 488 A

118 567 358 650 delegatorum
381 573 413 634 et
435 569 611 652 delegatum
630 568 702 654 joes
723 573 806 635 stare
820 587 883 636 nen
898 570 1014 654 potest,
1036 569 1142 642 omnia

119 694 300 763 immutata
327 695 470 777 manent,
498 695 590 778 quasi
604 713 681 760 :non
708 693 789 760 inita
814 693 871 766 illa
899 692 1063 780 stipulatio
1088 693 1167 782 stt„

95 817 258 900 'Tamen
271 837 346 884 uero
376 817 539 904 stipulatio
562 817 635 901 jure
664 823 744 902 stat,
775 818 901 886 etiamsi
925 817 1142 902 obligationes,

122 963 213 1028 quae
233 943 422 1030 praecedere
444 941 568 1026 debent,
586 943 745 1025 jusanen
767 947 862 1008 stant.
1060 923 1063 928 “

81 1047 86 1052 ’
200 1066 290 1144 Quod
323 1087 379 1136 eur
405 1067 452 1133 ita
478 1067 522 1132 sit
546 1066 776 1152 intelligemus,
810 1068 839 1132 si
865 1065 1082 1153 reputabimus
1108 1066 1143 1132 in

120 1189 201 1274 jur's
233 1191 373 1258 Romano
409 1191 609 1258 novationem
643 1196 715 1258 astu
746 1190 890 1274 formali,
929 1189 1142 1276 stipulatione,

126 1314 223 1382 effici:
269 1315 438 1402 Stipulutie
468 1319 572 1382 autem
601 1316 673 1402 ips'a
694 1336 752 1402 per
775 1335 824 1400 ee,
854 1315 905 1382 vel
925 1318 1056 1402 proptor
1077 1314 1142 1382 for·

126 1457 227 1522 mam,
250 1439 471 1523 obligatorium
493 1438 637 1510 effaetum
658 1440 763 1508 habet.

197 1561 294 1630 Visne
315 1563 413 1646 igitur
436 1583 506 1630 eam
527 1564 644 1632 ideireo
668 1563 846 1630 omnimodo
873 1561 1031 1630 effieaeem
1053 1563 1142 1630 esse?

130 1685 201 1754 Hae
221 1687 329 1754 neseio
352 1707 393 1752 an
413 1708 478 1754 nen
500 1689 681 1772 antiquiori,
708 1707 787 1772 quae
809 1689 931 1754 formae
951 1689 1054 1770 magis
1076 1708 1142 1755 ser-

129 1810 253 1895 viebat,
287 1812 535 1876 aetatessiaetum
564 1812 619 1891 sits
653 1811 821 1878 recentiori
848 1813 970 1895 eutem,
997 1811 1144 1878 hebetata

130 1934 346 2022 stipulationis
368 1939 493 2019 natura,
514 1935 678 2022 paullatim
702 1955 739 2000 ea
760 1936 842 2001 ratio
863 1935 966 2018 magis
979 1936 1143 2021 magisque

131 2057 238 2126 valera
261 2059 380 2145 eoepit,
402 2063 439 2124 ut
465 2059 499 2125 in
512 2058 725 2144 wstipulatione
753 2079 817 2126 non
844 2063 910 2124 tam
933 2060 1029 2127 verba
1054 2078 1143 2144 spee-

131 2187 249 2267 tantur,
278 2200 373 2268 quam
394 2183 534 2270 partium
554 2183 699 2275 voluutas
720 2184 901 2268 negotiique
923 2203 1035 2264 eausa3
1060 2204 1144 2268 quae

39 2297 43 2314 '
133 2307 259 2392 quidem
281 2328 339 2394 per
359 2309 587 2394 exceptionem,
607 2307 754 2394 inprimis
777 2311 883 2386 autem
905 2326 962 2392 per
985 2307 1143 2393 exceptio-
1187 2304 1189 2308 ’
1235 2349 1237 2354 .

133 2451 205 2498 nem
232 2431 313 2517 doli,
335 2431 522 2519 stipulatoni
550 2433 710 2520 opposita,
737 2433 859 2499 formae
885 2431 951 2498 vim
982 2429 1143 2500 infirmare

134 2554 221 2621 solet.

198 2679 324 2764 Itaque,
360 2681 387 2746 si
422 2680 585 2767 stipulatio
617 2681 754 2748 novandi
781 2699 877 2746 eausa
906 2681 990 2746 inter
1018 2667 1143 2745 easdem

136 2823 285 2890 personas
312 2803 518 2890 contrahitur,
540 2805 673 2889 debitor,
688 2806 726 2874 si
746 2811 879 2892 appare-t
903 2805 1043 2890 priorem
1065 2803 1143 2870 obli·

139 2928 295 3011 gationem
308 2928 481 2997 invalidam
496 2949 576 3014 esse,
599 2932 711 2999 eontra
730 2927 947 3014 stipulatorem
962 2927 1145 3011 exceptione

137 3051 198 3118 doli
225 3056 313 3117 tutus
342 3057 404 3116 est:
434 3071 530 3135 quum
565 3053 649 3119 enim
677 3050 839 3136 stipulatio
870 3051 937 3116 sina
969 3069 1064 3116 eausa
1092 3051 1144 3136 sit,

137 3175 321 3242 creditorem
336 3173 442 3240 dolose
465 3193 568 3260 agere,
592 3176 646 3259 qui
669 3195 708 3241 ex
724 3195 761 3242 ea
783 3174 984 3263 stipulatione
1000 3175 1144 3262 experia-

137 3305 196 3385 tur,
218 3299 288 3374 luee
311 3297 425 3364 elarius
449 3304 506 3368 est.
837 3371 839 3375 ,

200 3423 291 3501 Quod
313 3422 441 3508 quidem
463 3423 490 3488 si
512 3423 639 3490 novatio
668 3422 752 3488 inter
774 3421 899 3488 medem
924 3441 1075 3508 personas
1097 3422 1143 3507 fit,

62 3521 64 3524 Ι
138 3550 169 3614 iu
189 3548 415 3615 dubitationem
437 3548 544 3614 vasari
569 3567 633 3612 uon
654 3550 768 3633 potest.
808 3545 978 3632 Utriusque
1000 3545 1145 3614 veluntas

139 3673 270 3758 pertinet
292 3672 332 3738 ad
358 3691 456 3737 unum
473 3671 637 3757 idemque,
660 3671 741 3758 qued
759 3671 951 3756 'antecessit
973 3671 1144 3755 negotium.

140 3795 258 3881 Itaque,
286 3797 315 3864 si
343 3796 424 3866 altar
446 3797 514 3864 sine
536 3816 630 3863 eausa
654 3795 832 3886 promisit,
847 3795 927 3864 alter
953 3795 1021 3862 sins
1049 3814 1145 3863 eausa

142 3921 302 4008 stipulatus
327 3926 385 4010 est,
409 3925 441 3992 et
462 3922 530 3989 viee
553 3939 653 3989 versa.
