2852 4780
764 419 807 488 9ss
922 466 924 470 .

705 509 863 522 nnn——

277 601 392 668 tendit:
417 589 503 684 „Das
511 599 775 668 Justinieneisohe
785 599 885 667 Reobt
898 599 973 668 laist
987 621 1044 667 aus
1057 601 1115 668 der
1126 608 1294 668 veretum·

276 731 330 792 ten
352 715 548 792 Insinuation
571 725 732 808 ginaliohe
753 724 948 808 Niohtigkeit
968 726 1089 810 folgen,
1111 725 1199 792 stelit
1222 724 1294 792 also

277 848 413 916 dieselbe
447 849 504 915 auf
527 849 624 932 vollig
657 849 777 932 gleiobe
804 847 895 916 Linie
928 851 988 916 mit
1014 849 1071 916 der
1096 848 1293 917 verbotenen

278 971 468 1056 Soheukung
488 979 581 1041 unter
602 971 789 1056 Ehegatton.
826 971 949 1040 Wollen
963 975 1023 1040 wir
1045 972 1111 1042 also
1132 973 1221 1040 niobt
1237 973 1292 1041 bei

277 1096 380 1162 dieser
401 1095 502 1180 Frage
531 1097 581 1163 die
609 1098 718 1164 innere
741 1095 944 1181 Consequenz
970 1096 1026 1164 der
1048 1095 1292 1182 Gesetzgebung

277 1220 420 1302 ganzlioh
450 1220 619 1305 eugenos,
646 1240 681 1286 so
709 1226 836 1287 missen
858 1221 917 1287 wir
942 1220 1010 1287 hier
1032 1220 1169 1288 dissolbe
1190 1221 1290 1304 Rege}

277 1344 459 1428 eorumden,
482 1343 533 1410 die
555 1345 599 1410 im
621 1343 810 1412 Rbmisehen
831 1344 931 1410 Reoht
953 1345 1004 1412 bei
1026 1345 1082 1412 der
1098 1345 1290 1428 Sebenkung
1325 1425 1328 1429 ⁴

276 1471 369 1532 unter
390 1466 566 1549 Ehegatten
589 1467 813 1551 durohgefdbrt
835 1465 937 1550 1111).κ

343 1589 417 1656 Jam
439 1609 536 1678 supra
557 1593 773 1659 demonstrare
795 1593 899 1659 eonati
922 1609 1047 1676 sumus,
1069 1593 1140 1678 ipsa
1161 1592 1288 1676 delega-

276 1713 371 1780 tionis
404 1719 584 1784 naturaei
611 1719 644 1784 vi
676 1716 866 1784 contrariam
899 1715 1054 1802 postulari
1086 1716 1287 1784 decisionem.

277 1836 435 1916 Quantum
461 1860 535 1906 vero
562 1843 714 1908 momenti
742 1841 1006 1924 argumentationi
1033 1843 1161 1908 nostrae
1187 1840 1288 1926 deest,

276 1961 335 2028 hoo
368 1983 460 2049 spero
494 1965 651 2032 uberrime
684 1971 923 2051 oompensatum
954 1965 995 2030 iri
1028 1964 1123 2032 hoooe
1150 1964 1217 2032 loeo
1247 1985 1288 2032 ex

276 2084 420 2152 Basilius
441 2089 586 2174 repetito.
700 2133 702 2140 -

342 2209 440 2276 Besil.
451 2209 576 2278 XLVII.
592 2214 622 2297 1,
635 2213 688 2280 20.
715 2210 788 2278 Ἐὰν
810 2213 920 2278 θέλων
935 2207 988 2278 ’σοι
1003 2207 1218 2297 δωρήσααθαι
1232 2237 1287 2280 xe-

277 2332 378 2402 λεύσω
395 2338 439 2424 τῷ
453 2332 595 2427 χρεώσιῃ
609 2357 673 2420 neo
687 2337 934 2424 ἔπερωτηθῆναί
949 2355 1007 2416 σοι,
1031 2343 1089 2401 καὶ
1099 2334 1287 2423 ὑπερβαίνει

276 2455 497 2528 admouisti
527 2465 643 2546 μέτρον
670 2465 735 2528 τῶν
757 2463 896 2548 δωρεῶν,
924 2461 1117 2546 &verbositas
1145 2457 1163 2527 ὃ
1185 2463 1286 2548 χρεώ·

276 2599 350 2668 στας
372 2581 462 2668 παρὰ
486 2589 543 2650 σοῦ
566 2583 787 2672 παραγραφὴν
804 2585 951 2669 οὐκ·ἑ’χει.
973 2585 1074 2664 ἔδοξα
1094 2583 1158 2671 γὰρ
1183 2583 1286 2654 α’παι-

275 2715 342 2770 τετν
364 2702 443 2772 αὐτὸ
468 2711 522 2770 καὶ
544 2702 677 2773 διδόναί
698 2678 756 2785 oua¹
780 2714 835 2772 καὶ
857 2727 896 2774 σν
918 2709 1074 2785 δανείζειν
1097 2705 1228 2799 αὐτῷ’).

342 2829 390 2896 Ea
416 2831 514 2914 igitur
541 2831 711 2916 delegatio,
742 2831 776 2900 in
805 2851 867 2918 qua
892 2833 1021 2899 donatio
1049 2803 1180 2921 propter
1207 2835 1284 2902 insi·-

275 2957 448 3024 nuationis-
462 2954 636 3023 absentiam
662 2955 750 3022 nulla
777 2961 841 3042 est,
870 2977 934 3023 non
960 2976 1019 3043 par
1045 2958 1178 3026 babetur
1196 2959 1284 3026 ‘dele-

275 3079 410 3164 gatioui,
439 3080 616 3147 donationis
638 3081 722 3148 intes
743 3081 845 3146 virum
870 3087 902 3148 et
923 3102 1055 3150 uxorem
1076 3083 1282 3168 perdeiendae
1407 3115 1408 3126 ν

275 3219 387 3286 eausa,
403 3186 535 3284 xfaetae3
570 3205 626 3272 sed
652 3209 774 3272 eontra
790 3225 830 3272 ex
857 3204 969 3272 iisdem
998 3207 1037 3274 de
1065 3226 1102 3275 ea
1124 3207 1283 3292 judioatur
1407 3225 1408 3289 1

276 3376 314 3387 ’a

273 3453 278 3457 ’
329 3474 350 3541 ¹)
373 3471 505 3545 Seuigny,
522 3473 597 3546 Syst.
607 3473 655 3532 IV.
673 3490 701 3546 p.
710 3475 771 3532 598.
1098 3521 1100 3525 .

327 3569 348 3638 ²)
371 3571 450 3626 iilum
472 3576 564 3626 autem
581 3572 761 3628 Basilieorum
781 3573 872 3628 looum
894 3573 934 3630 ita
956 3577 1039 3632 vestii
1060 3574 1225 3632 Heimbaoh:
1253 3573 1281 3636 Si

275 3674 336 3722 tum
354 3667 404 3722 tibi
422 3667 522 3723 donare
536 3670 634 3724 vellem
648 3671 758 3740 jussero
776 3669 926 3736 debitorem
944 3687 1036 3728 meum
1053 3673 1103 3728 tibi
1115 3674 1280 3745 promittere,
1407 3683 1408 3754 1

274 3769 303 3818 et
325 3765 463 3833 quantitas
481 3766 592 3820 modum
610 3767 764 3822 donationis
782 3769 906 3840 exoedit5'
926 3769 1033 3826 debitor
1050 3785 1067 3822 a
1084 3774 1112 3823 te
1130 3777 1279 3827 conuentus

274 3861 462 3930 exeeptionem
488 3878 544 3918 non
566 3862 657 3920 habet.
692 3863 797 3922 Videor
818 3868 890 3922 enim
914 3866 949 3922 ab
972 3882 1005 3923 eo
1029 3865 1155 3935 exegisse
1177 3866 1279 3938 tibique

274 3956 402 4046 donasse
418 3963 503 4030 tuque
520 3961 559 4016 illi
577 3961 734 4019 credidisse.
1186 3977 1188 3982 ’
