2852 4780
564 390 723 490 *Q

133 564 228 636 sisti“
253 569 286 634 et
307 565 424 634 similia
446 564 550 635 minos
569 565 724 634 incertam
745 562 957 652 stipulationis
972 565 1149 653 conceptio·

133 711 227 777 nem,
243 709 346 776 quam
368 689 575 776 quantitatem
591 689 782 775 significare,
805 689 945 776 alioquin
965 689 1049 758 enim
1063 687 1149 777 leges

134 815 211 882 illae
233 833 306 884 cum
328 813 534 901 desectionis,
555 814 732 900 praeceptis
753 818 906 900 puguant.

203 937 241 1005 L.
272 941 302 1004 7.
331 959 380 1024 pr.
416 938 484 1022 (44,
511 938 556 1020 4).
605 919 775 1021 „Julianus
811 938 871 1022 ait,
910 937 936 1006 si
970 937 1148 1025 pecuniam,

135 1085 232 1153 qoam
253 1087 303 1128 me
325 1065 380 1130 titi
402 1061 775 1146 deterseristimabam,
805 1061 897 1145 jussu
924 1065 980 1128 tuo
1011 1080 1148 1148 spopon-

134 1187 238 1254 derim
261 1187 307 1272 ei,
330 1187 381 1254 cui
403 1187 520 1254 donare
542 1185 685 1271 volebas,
707 1186 892 1273 exceptione
914 1183 978 1254 doli
999 1185 1076 1253 mali
1090 1205 1147 1274 pc·

134 1315 205 1378 tero
227 1331 278 1377 me
301 1309 383 1377 tueri
384 1359 505 1376 ......
509 1307 527 1343 “

204 1409 424 1521 Unusquisque
453 1433 618 1520 concedet,
653 1435 681 1501 si
709 1453 782 1502 vere
811 1435 907 1502 uerba
934 1433 1147 1521 stipulationis

132 1559 254 1628 incerte
276 1563 428 1646 concepta
448 1559 599 1641 inissent,
621 1562 657 1623 ut
678 1537 783 1644 prima
802 1559 906 1644 specie
920 1559 1060 1644 videtur,
1083 1578 1147 1626 non
1272 1546 1274 1551 ’

133 1701 215 1770 opus
236 1683 377 1750 futurum
405 1683 503 1750 fuisse
529 1681 712 1766 exceptione
735 1680 776 1746 ad
797 1680 975 1763 delegatum
997 1681 1146 1748 adversus

81 1869 85 1880 .
132 1784 361 1890 delegatorium
390 1806 551 1872 tuendum.
598 1802 792 1870 Sumendum
829 1804 927 1886 igitur
959 1803 1049 1872 nobis
1087 1808 1145 1890 est,

130 1931 239 2000 verbis
260 1930 342 2014 illis,
372 1948 451 2014 quae
477 1928 593 1994 litteris
615 1928 748 1994 cursivis
772 1932 1033 2014 expressissent,
1067 1927 1146 1996 nihil

132 2052 224 2120 aliud*
244 2053 306 2119 nisi
328 2052 536 2137 quantitatem
559 2050 738 2135 significari.

201 2175 289 2244 Idem
318 2176 380 2243 dici
408 2180 514 2262 petest
541 2175 580 2243 de
601 2175 623 2242 l.
647 2177 677 2242 9.
702 2174 731 2259 ξ.
758 2177 786 2242 1.
812 2175 880 2262 (12,
902 2175 948 2257 4).
996 2175 1144 2262 „Siquis

133 2303 302 2370 indebitam
318 2303 486 2390 poemiam
514 2319 573 2386 per
594 2319 734 2368 errorem
752 2298 844 2383 jussu
865 2298 1007 2368 mulieris
1030 2320 1144 2386 sponso

134 2424 201 2509 ejus
222 2425 420 2511 promisisset
442 2429 475 2492 et
496 2424 626 2511 nuptiae
648 2428 773 2498 secutae
787 2423 938 2509 fuissent,
961 2424 1144 2510 exceptione

133 2548 196 2616 doli
219 2549 295 2616 mali
317 2549 365 2616 uti
386 2569 450 2616 non
471 2554 575 2636 potest
577 2596 696 2616 ......
700 2545 717 2581 “

201 2671 236 2740 Si
259 2673 421 2758 delegatus
443 2673 494 2740 hie
516 2673 675 2761 expressis
698 2673 803 2742 verbis
833 2673 902 2760 „id,
924 2672 1007 2760 quod
1029 2671 1141 2752 debet“

6 2827 8 2840 ²
132 2797 346 2883 promisisset,
369 2817 416 2870 ne.
430 2799 520 2866 favor
541 2799 624 2865 dotis
645 2798 771 2884 quidem
790 2797 1017 2878 delegatorium
1032 2797 1143 2864 adver-

132 2940 187 2987 sus
221 2920 399 3005 delegatum
427 2923 605 3004 adjuvaret,
639 2939 736 3004 quum
765 2919 967 3006 promissioni
995 2920 1143 2986 materies

91 3015 96 3023 ⁵
131 3043 263 3112 deesset.
307 3043 394 3124 Ergo
422 3043 475 3108 hie
501 3062 623 3126 quoque
646 3042 824 3124 delegatum
846 3047 964 3110 eertum
987 3062 1143 3112 summam

131 3167 227 3236 certis
250 3165 354 3232 uerbis
377 3165 560 3253 promisisse
582 3185 709 3236 necesse
731 3169 789 3232 est.

197 3287 283 3356 Haec
312 3290 418 3358 omnia
444 3294 522 3376 puto
552 3287 694 3356 sufficere
721 3290 761 3356 ad
790 3288 1035 3358 confirmandam
1061 3292 1143 3362 hauc

128 3417 283 3489 nostem
298 3414 500 3482 sententiam:
528 3413 704 3482 normalem
729 3414 941 3502 stipulationis
964 3415 1141 3501 conceptio-

129 3558 203 3606 nem
226 3543 344 3606 certam
365 3538 473 3604 fuisse.
504 3536 667 3606 Sententia
689 3543 794 3606 autem
815 3543 925 3606 nostra
939 3538 1142 3606 confirmatur

130 3661 226 3730 etiam
252 3661 275 3727 l.
298 3663 330 3730 5.
355 3660 389 3728 G.
414 3662 453 3728 de
475 3681 547 3728 nov.
571 3667 603 3728 et
624 3661 685 3730 del.
709 3661 810 3748 (Viti,
833 3663 914 3748 42),
942 3664 997 3733 ubi
1024 3663 1142 3732 diserte

129 3786 292 3870 conceptio
315 3790 402 3852 certa
425 3765 645 3872 stipulationis
658 3791 861 3854 memoratur.

198 3907 254 3994 „si
275 3915 366 3997 pater
387 3915 478 3995 tuus,
506 3910 557 3976 eui
580 3913 611 3976 te
638 3911 823 3978 successisse
844 3910 1012 3996 proponis,
1039 3911 1140 3981 oredi-
