2852 4780
577 427 737 526 js-

148 610 314 693 sooaptam
342 603 552 689 a'dslegnnte
573 606 740 692 peouniam
762 604 905 690 delegato
928 605 1098 674 erediderit
1120 639 1163 654 -

147 736 220 796 tum
247 730 343 796 etism
364 731 499 798 fontium
520 730 609 815 loois,
630 730 671 797 de
693 731 824 815 marito,
853 729 959 798 dotem
981 729 1163 816 stipulante,
1205 807 1209 813 ,
1303 777 1304 781 =

148 854 394 939 disserentibus,
423 855 581 941 expressis
602 855 708 922 verbis
730 853 943 939 oonfirmstur,
972 855 1012 922 ot.
1028 853 1165 941 exempli

148 978 255 1060 gratia
276 979 299 1044 1.
315 981 346 1045 9.
363 977 392 1062 ξ.
411 981 439 1045 1·.
456 978 524 1064 (12,
547 977 593 1060 4).
1152 1069 1156 1076 Ι

218 1102 256 1170 ln
276 1107 445 1189 utrumqne
465 1102 602 1188 denique
622 1102 862 1190 delegaturinm,
884 1102 917 1170 in
941 1119 1011 1170 eum
1036 1102 1090 1187 quui
1108 1101 1164 1168 do·
1227 1079 1231 1094 ’

148 1225 249 1294 nandi
277 1247 371 1294 eausa
399 1232 431 1294 et
458 1228 492 1294 in
521 1247 594 1293 eum
622 1227 676 1311 qui
698 1225 846 1294 oredondi
867 1235 963 1294 eausa
985 1225 1164 1313 stipulatur,

149 1355 372 1432 'argumentum
393 1351 473 1418 illud
494 1351 591 1435 eadit,
615 1370 679 1434 eos,
702 1351 730 1416 si
746 1350 895 1418 mandato
912 1369 984 1418 oum
999 1350 1165 1434 delegante

149 1473 308 1556 eonju'noti
330 1480 451 1555 essent,
479 1474 652 1558 delegantis
675 1479 894 1561 procuratores
917 1479 1008 1559 osso,¹
1031 1474 1165 1560 ideoque

149 1597 302 1664 adversus
325 1609 378 1664 sos
399 1598 543 1680 delegato
566 1617 674 1664 omnes
691 1618 744 1664 sas
761 1600 960 1683 exceptiones
976 1603 1165 1683 oompetere,

150 1740 229 1806 quas
259 1721 409 1788 adversus
437 1721 640 1791 mandantem
669 1721 779 1788 habuit
803 1755 844 1768 -—
869 1722 952 1806 quod
978 1740 1050 1788 enm
1072 1741 1165 1807 prae·

150 1846 262 1930 oeptis‘,
286 1864 366 1930 quoe
388 1865 486 1932 snpra
508 1845 652 1932 exposui,
673 1853 816 1932 pugnare
838 1849 983 1932 apertum
1007 1850 1064 1912 est
1104 1843 1165 1927 (Gt

83 2061 87 2068 ,
151 1965 229 2050 §³9³
244 1967 280 2035 P.
296 1968 349 2051 Π).

229 2091 282 2158 ΙΠ.
327 2093 414 2172 Quae
450 2094 534 2162 inter
571 2093 766 2178 delegantem
806 2093 1045 2181 delegatumque
1083 2095 1165 2164 ratio

151 2217 335 2303 intersedat,
358 2219 386 2286 si
408 2219 571 2302 delegatus
593 2219 731 2286 donandi
754 2239 849 2286 eausa
871 2219 1045 2302 delegatum

228 2341 339 2410 Nullos
361 2343 413 2410 hio
434 2363 492 2410 nos
516 2342 628 2408 afferre
649 2342 901 2428 poseo'fontium
922 2342 1024 2428 looos,
1053 2342 1165 2430 quibus

152 2467 311 2552 expressis
333 2467 438 2534 verbis
463 2466 625 2548 delegatus
648 2465 839 2548 delegatario
861 2467 1049 2553 promittens
1073 2487 1166 2535 suum

151 2591 313 2672 negotium
340 2609 449 2673 gerere
478 2590 617 2676 dieatur,
645 2590 825 2658 mirandum
852 2596 1005 2677 nonest,
1034 2612 1107 2660 oum
1131 2593 1165 2660 in

151 2713 289 2782 tontibus
314 2716 440 2786 omnino
466 2713 643 2800 ,donandi“
668 2715 799 2784 verbum
821 2717 926 2784 verbis
951 2718 1089 2801 ,negotii
1111 2737 1165 2800 ge·

152 2836 262 2904 rendi“
287 2846 481 2926 opponatur,
505 2841 639 2924 soilioet,
662 2841 737 2924 quia
759 2840 905 2906 donantis
927 2859 992 2906 non
1012 2841 1166 2908 interesse

152 2960 277 3028 videtur
299 2964 430 3030 donare:
458 2964 639 3046 „negotium
660 2963 766 3048 potius
789 2966 913 3045 gestum
935 2962 1047 3047 videri,
1070 2981 1166 3048 quam

152 3083 353 3152 donationem
373 3083 725 3170 intervenissest‘lsua.
740 3105 789 3170 pr.
807 3085 875 3170 (24,
901 3086 955 3170 1.),
980 3087 1102 3172 ,magis
1124 3088 1165 3154 ad

2 3186 7 3222 ¹
152 3205 294 3276 beneficii
328 3226 470 3294 oausam,
505 3229 600 3295 quam
632 3209 673 3276 ad
706 3210 825 3292 negotii
859 3212 1012 3280 oontraoti
1043 3216 1165 3300 spsotat
1302 3300 1305 3304 p

151 3333 289 3418 preesrii
310 3331 479 3420 eonditio,“
503 3334 526 3401 l.
544 3335 596 3400 14.
612 3332 680 3419 (43,
704 3334 771 3417 26).
795 3435 798 3442 Ι

219 3457 285 3524 Neo
319 3462 426 3526 tamen
460 3459 551 3527 nobis
578 3459 705 3527 omnino
733 3459 847 3526 desunt
872 3459 1008 3526 fontium
1034 3459 1096 3526 loei
1124 3460 1165 3526 ad

153 3580 398 3648 confirmandam
421 3585 608 3652 sententiam
623 3588 775 3669 nostram,
798 3583 977 3667 delegatum
992 3583 1165 3667 delegantis

115 3759 117 3763 .
152 3707 384 3774 mandatarium
405 3727 469 3774 non
492 3729 576 3798 esse:

222 3834 250 3896 1.
284 3830 321 3898 L.
338 3833 369 3900 5.
386 3830 416 3916 ξ.
433 3833 465 3900 5.
482 3833 556 3918 (44,
578 3833 629 3915 4).
667 3832 723 3918 ,Si
746 3853 834 3918 enm,
863 3833 918 3918 qni
939 3831 1064 3898 volebat
1087 3831 1165 3898 mihi

153 3954 270 4024 donare
299 3977 396 4043 snpra
422 3957 600 4041 legitimum
628 3957 773 4042 modum,
786 3951 791 3959 ’
804 3955 988 4042 delegavero
1016 3955 1166 4024 oreditori

952 4081 970 4136 8
