2852 4780
714 459 873 560 *tt-24

291 635 448 706 adhibeas.
485 633 533 704 llo
561 635 690 721 majoris
712 636 863 704 momenti
884 635 944 702 boo
965 639 1109 702 nostrum
1131 653 1316 718 argumen-

290 767 358 828 tum
381 766 443 828 ost:

356 887 388 952 2.
421 884 628 968 Delegantem
655 885 805 952 adversm
833 882 1060 966 delegaturium
1088 900 1152 948 uon
1178 881 1314 948 eodone

289 1007 430 1076 mandati
453 1027 556 1094 agere,
583 1007 639 1075 sed
660 1009 782 1076 actione
805 1008 887 1074 dotis
910 1010 943 1074 et
964 1006 1086 1073 eodone
1109 1005 1220 1072 orediti
1242 1025 1312 1072 seu

290 1131 400 1217 quavis
422 1130 485 1198 alia
507 1132 629 1199 aotione
652 1131 839 1198 sudatione
861 1130 1009 1198 predandi
1031 1147 1127 1197 eausa
1147 1129 1307 1216 prolaeta.

289 1253 340 1321 cf.
353 1255 515 1342 inprimis:

355 1376 392 1444 L.
406 1380 460 1445 32.
476 1378 515 1444 de
529 1377 566 1442 R.
583 1376 618 1443 O.
635 1376 703 1463 (12,
721 1377 767 1460 ll:
793 1375 849 1461 „Si
864 1382 896 1443 et
910 1395 961 1444 mo
976 1382 1008 1443 et
1023 1375 1143 1442 Titium
1156 1379 1306 1442 mutuam

288 1501 454 1590 peouniam
482 1501 658 1586 rogaveris,
687 1505 719 1567 et
741 1521 798 1584 ego
821 1520 928 1568 meum
950 1500 1123 1568 debitorem
1144 1499 1203 1566 tibi
1223 1520 1304 1587 pro·

288 1625 414 1691 mittere
432 1623 600 1708 jusserim,
629 1628 664 1690 tu
687 1623 855 1710 stipulatus
877 1625 933 1709 sis,
956 1643 1052 1708 quum
1074 1628 1203 1710 putares
1226 1641 1305 1690 eum

289 1747 364 1814 Titii
392 1747 566 1816 debitorem
594 1767 680 1833 esse,
708 1767 749 1814 au
775 1749 854 1815 mihi
876 1746 1046 1830 obligaris?
1080 1745 1241 1831 subsisto,
1270 1748 1305 1813 si

288 1873 415 1958 quidem
443 1872 565 1938 nullum
587 1873 748 1955 negotium
770 1891 893 1939 meeum
915 1871 1117 1951 contraxisti3
1147 1870 1202 1938 sed
1223 1889 1304 1957 pro·

287 1997 360 2082 pius
383 2001 446 2080 est,
471 2000 509 2062 ut
530 1994 661 2080 obligari
686 2000 717 2062 te
740 1996 929 2080 existimem,
951 2013 1015 2061 non
1036 1995 1111 2080 quia
1132 1993 1304 2080 peouniam

287 2119 346 2186 tibi
375 2118 511 2204 credidi,
535 2154 577 2164 -
600 2119 660 2185 hoo
682 2120 767 2184 enim
788 2119 956 2186 nisiinter
978 2118 1207 2185 eonsentientes
1228 2117 1303 2184 lieri

287 2261 350 2308 non
372 2246 487 2328 potest,
511 2277 553 2288 -
577 2243 632 2312 sed
655 2243 729 2328 quia
750 2243 882 2328 peounia
904 2262 986 2327 mea,
1008 2261 1088 2328 quae
1109 2242 1152 2309 ad
1174 2247 1206 2308 te
1225 2261 1302 2328 per·
1415 2271 1416 2340 j

287 2367 387 2454 penit,
410 2387 481 2434 eam
502 2366 581 2433 mihi
604 2387 623 2432 a
644 2371 676 2434 te
698 2366 788 2433 reddi
810 2367 926 2434 bonum
948 2371 980 2434 et
1002 2385 1138 2452 aequum
1160 2362 1239 2433 est.“
1415 2349 1416 2358 ἵ

352 2490 389 2557 ln
403 2491 425 2556 l.
442 2491 495 2557 32.
512 2491 551 2557 de
565 2491 631 2560 reb.
646 2491 731 2558 ered.
748 2511 823 2558 sane
845 2496 969 2558 tantum
990 2491 1145 2558 oondiotio
1161 2509 1201 2556 ex
1215 2490 1300 2556 bono

287 2619 320 2680 et
342 2633 452 2698 aequo,
474 2614 509 2678 in
530 2618 681 2698 quantum
695 2613 883 2701 locupletior
895 2616 997 2682 faetus
1013 2619 1062 2681 est
1075 2613 1301 2699 delegatorios,

286 2732 471 2824 praebetur,
504 2737 670 2834 manifesto
698 2741 804 2804 autem
833 2739 915 2805 eotio
943 2738 1054 2806 arediti
1081 2738 1299 2825 praeberetur,

286 2862 499 2945 siuegotium
521 2867 652 2948 propter
673 2880 811 2929 errorem
833 2880 898 2928 non
920 2868 1003 2928 esset
1023 2862 1157 2928 nullum.

354 2987 385 3052 3.
419 2985 542 3052 Deinde
565 2986 680 3052 sinere
696 2985 905 3070 delegatorios
920 2985 1093 3069 delegantis
1108 2990 1191 3054 esset
1205 3005 1297 3053 men-

287 3105 439 3192 datarius,
461 3109 657 3192 delegantem
679 3109 905 3192 delegatorium
923 3109 1101 3176 omnimodo
1116 3111 1297 3202 indemnem

286 3235 448 3317 praestare
475 3232 711 3318 periculumque
736 3234 872 3299 nominis
895 3232 1030 3316 delegati
1052 3234 1093 3300 ad
1115 3254 1204 3318 eum,
1232 3253 1296 3300 nou

286 3354 327 3420 ad
349 3353 573 3437 delegatorium
596 3357 755 3440 pertinere
778 3361 937 3442 oporteret
959 3391 1001 3405 -
1024 3357 1199 3445 perieulum
1219 3375 1295 3424 voro

285 3479 422 3546 nominis
444 3477 578 3562 delegati
601 3477 785 3562 delegatorii
807 3499 875 3548 esse
897 3481 1113 3567 eopiosissime
1130 3501 1226 3570 supra
1240 3481 1295 3548 de-

286 3603 540 3671 monstravimus.

352 3730 384 3794 4.
418 3726 652 3812 Delegatarium
690 3732 795 3796 autem
829 3728 925 3798 etiam
952 3729 987 3796 in
1013 3727 1072 3796 hoe
1099 3745 1173 3796 oasu
1202 3747 1295 3798 suum

286 3869 395 3936 gerere
422 3852 600 3938 negotium,
627 3871 699 3919 oum
727 3873 767 3918 ex
795 3854 854 3940 iis,
882 3874 962 3939 quae
986 3853 1079 3943 modo
1103 3853 1170 3918 dixi
1193 3872 1295 3939 exque

286 3976 490 4060 delegationis
512 3981 627 4043 natura
648 3982 799 4063 appareat
821 4011 863 4030 «-
886 3996 961 4044 nam
982 3977 1114 4065 perinde
1136 3971 1185 4046 est
1206 3978 1295 4045 nesi
