2834 4780
678 521 680 526 ,
700 433 857 532 ,ΕΞ-

338 609 390 678 Ex
405 609 517 698 quibus
527 609 611 696 juris
625 609 802 698 praeceptis
818 630 917 680 novae
932 609 991 678 hus
1003 609 1141 678 rationes
1152 611 1296 680 metien-

273 736 332 803 dos
360 737 439 821 sint,
467 740 558 823 parte
584 736 721 804 seumds
743 754 945 824 exponemus.
983 733 1157 822 Praecepto
1179 741 1296 806 sutem

272 861 319 928 its
331 865 459 948 reperta
474 866 566 928 erunt
581 865 731 946 tunquam
746 861 906 945 obrussse,
923 856 1035 946 quibus
1049 879 1293 946 cognoscemus,

273 985 402 1070 quinum
424 1005 464 1054 ex
485 984 544 1070 iis,
572 985 627 1071 qui
651 983 840 1070 offerrentur,
869 1003 942 1052 rere
965 983 1171 1068 delegationis
1193 1004 1293 1060 cesus

273 1109 346 1176 sint.

674 1231 883 1243 -—---...-

579 1462 712 1550 PARS
736 1461 977 1548 SECUNDA„

409 1626 467 1694 ns
489 1627 680 1698 sonuum
701 1625 1011 1696 csuuonmours
1033 1627 1151 1696 csso.

700 1787 860 1802 *μου*

763 1947 771 1961 .
790 1898 819 1961 l.

499 2017 540 2085 A.
575 1893 776 2100 Cogitatio
805 2011 1056 2106 principalis.

338 2175 496 2243 Normulis
518 2178 616 2262 igitur
638 2199 728 2248 casus
750 2184 858 2245 noster
879 2178 933 2246 ille
956 2184 1015 2265 est,
1038 2179 1072 2244 in
1087 2198 1148 2264 quo
1164 2177 1287 2244 debitor

274 2323 314 2368 ex
347 2299 507 2369 voluntate
545 2303 594 2370 sui
632 2304 795 2370 creditoris
833 2304 982 2375 creditori
1018 2303 1111 2388 hujus
1148 2302 1286 2369 novandi

273 2447 385 2494 caussa
411 2427 585 2514 promittit,
613 2429 659 2494 ita
686 2433 723 2496 ut
749 2450 812 2497 une
839 2429 1048 2516 promissione
1078 2427 1196 2516 duplex
1218 2427 1313 2532 eiii-=

273 2552 375 2618 cietur
384 2552 511 2625 novatio
518 2548 551 2636 ¹),
565 2552 687 2638 duoque
701 2572 764 2620 uno
777 2560 850 2642 ectu
861 2553 967 2622 debita
983 2553 1077 2620 simul
1092 2547 1284 2634 tollentur2).

298 2765 300 2772 s
339 2673 384 2741 Ut
405 2671 535 2742 Glossae
558 2675 662 2742 verbis
684 2683 773 2763 utar,
798 2679 945 2762 „novatio
967 2677 1004 2744 fit
1027 2677 1121 2743 simul
1144 2681 1176 2742 et
1198 2676 1284 2742 debi-

272 2797 351 2867 toris
369 2805 401 2866 et
416 2797 611 2867 creditoris.“
644 2793 724 2867 Cum
740 2807 844 2867 autem
859 2803 986 2868 novstio
1008 2781 1156 2867 solutioni
1172 2801 1283 2867 similis

273 2926 316 2992 sit
343 2925 383 3007 (l.
401 2927 454 2994 31.
470 2925 502 2990 h.
518 2925 576 3010 t),
605 2945 656 2992 res
683 2925 730 2991 its
757 2947 790 2992 se
816 2926 926 3012 habet,
956 2927 1047 3012 qussi
1070 2930 1102 2992 et
1124 2925 1284 3009 delegatus

327 3099 348 3165 1)
371 3097 450 3163 Quod
472 3099 507 3153 de
525 3099 626 3170 duplici
649 3101 796 3158 novatione
816 3101 936 3158 diximus
953 3101 1098 3158 rependisti
1115 3105 1238 3172 tempore
1255 3099 1284 3156 in
1404 3113 1405 3148 f

273 3193 470 3251 dubitationem
487 3201 616 3251 vocatum
634 3202 684 3252 est.
715 3199 772 3254 Nos
791 3205 896 3270 sutem,
915 3215 1080 3270 quamquam
1097 3199 1219 3254 noudum
1236 3198 1283 3252 do-

273 3291 392 3360 cuimus,
416 3307 533 3360 quanam
555 3308 654 3348 caussa
671 3297 788 3364 permoti
806 3298 903 3367 simus,
927 3297 1043 3367 priorem
1061 3296 1224 3352 sententium
1243 3309 1283 3350 se

273 3381 387 3458 linimur,
411 3389 514 3459 quosd,
539 3389 669 3445 doctrinis
687 3391 852 3459 quibusdam
871 3395 1015 3464 expositis,
1041 3393 1111 3448 banc
1128 3407 1186 3446 rem
1204 3407 1284 3446 coeu-

272 3486 358 3540 rstius
375 3485 547 3546 considerare
565 3487 722 3557 poterimus.

326 3582 348 3650 ¹)
372 3581 409 3637 Ut
425 3581 523 3653 fontes,
541 3585 580 3640 its
597 3601 647 3640 nos
665 3601 787 3658 quoque,
809 3588 1009 3644 commoditatis
1027 3603 1139 3658 causss,
1157 3587 1284 3656 ponimus

273 3679 428 3748 delegatum
447 3680 584 3750 deleganti
601 3683 760 3737 tantundem
780 3684 954 3754 acdelegsns
968 3685 1134 3754 delegetsrio
1147 3683 1283 3753 debuisse,
1404 3683 1405 3704 ¹

272 3777 312 3830 ita
329 3780 361 3830 ut
378 3775 467 3846 ambe,
487 3791 556 3846 quse
569 3777 693 3848 subsunt,
713 3779 805 3834 debita
817 3781 897 3836 simul
908 3783 1017 3852 penitus
1034 3781 1171 3851 tollantur,
1190 3797 1283 3850 quem-

272 3887 355 3942 quem
368 3874 424 3945 juri
434 3874 560 3929 Romano
577 3875 668 3930 aliem
678 3889 733 3932 non
744 3882 787 3934 est
797 3880 935 3949 portioris,
953 3884 985 3935 nt
996 3880 1035 3935 its
1047 3877 1145 3950 dicem,
1163 3877 1283 3934 novatio.

273 3967 315 4024 cf.
333 3970 350 4026 l.
360 3971 386 4026 4.
406 3975 429 4036 t.
440 3972 465 4026 1.
485 3973 584 4042 (221).
