2852 4780
683 419 842 516 „aa

253 599 380 666 cuniam
393 595 584 681 foenerarit,
607 615 665 684 per
680 582 908 680 delegationem
924 595 979 662 alii
994 594 1157 683 promisit,
1178 598 1277 665 ado-

253 724 340 790 mino
368 727 452 790 recte
481 726 621 808 petetur3
649 726 700 790 cci
724 725 877 811 pecuniae
900 724 1275 806 eradicamentum,

255 851 310 938 pai
332 850 497 936 delegavit,
521 850 601 914 actio
616 851 763 938 'quaesite
787 843 860 912 eet.“

321 971 474 1054 Delegato
502 972 599 1054 igitur
629 973 711 1038 actio
740 971 876 1038 creditae
898 971 1068 1057 pecuniae,
1100 990 1165 1038 non
1187 972 1275 1040 actio

254 1096 396 1164 mandati
420 1096 598 1181 quaeritur,
628 1114 724 1181 quae,
748 1113 843 1180 quam
865 1095 949 1161 inter
972 1115 1006 1161 se
1028 1094 1172 1162 diversae
1194 1096 1275 1182 sint,

250 1221 319 1305 jam
342 1213 438 1306 supra
459 1219 707 1287 luculentissime
728 1220 799 1303 lege
822 1221 873 1285 10.
896 1217 926 1302 ξ.
942 1219 975 1284 4.
999 1217 1067 1303 (17,
1084 1220 1116 1301 1)
1141 1220 1274 1286 demon-

256 1349 391 1412 stratum
410 1348 467 1410 est.

322 1467 394 1534 Non
416 1468 514 1550 igitur
536 1468 620 1534 inter
634 1467 812 1551 delegatum
828 1472 861 1536 et
875 1467 1072 1552 delegantem
1086 1467 1276 1534 mandatum

256 1594 462 1661 antecessisse
491 1591 616 1659 videtur
645 1592 780 1676 delegati
808 1591 1011 1678 promissioni
1035 1629 1077 1640 -
1100 1593 1276 1659 nonenim

255 1699 315 1786 lroc
349 1722 454 1784 actum
482 1722 551 1784 erat
574 1753 615 1762 —
641 1717 696 1784 sed
728 1721 856 1803 paetum
891 1718 930 1784 de
965 1716 1114 1802 quodam.
1133 1717 1275 1802 negotio,

256 1861 314 1929 per
335 1839 577 1929 promissionem
599 1842 692 1908 tertio
715 1841 891 1908 faciendam
914 1839 1136 1909 contrahendo.

322 1965 360 2032 ln
381 1971 550 2052 utrumque
581 1967 715 2052 denique
738 1985 863 2051 casum,
893 1967 938 2035 in·
956 1987 1016 2052 quo
1041 1967 1112 2052 quis
1135 1967 1276 2033 donandi

257 2109 352 2156 causa
376 2091 462 2155 etin
486 2109 573 2174 eum,
600 2091 633 2155 in
657 2110 718 2175 quo
741 2090 888 2156 credendi
910 2111 1006 2157 causa
1028 2089 1189 2174 delegatus
1212 2097 1275 2177 est,

257 2213 336 2280 illud
359 2217 579 2297 argumentum
601 2213 700 2280 cadit:
723 2212 902 2296 delegatum
908 2265 917 2299 ,
943 2216 970 2280 si
990 2216 1132 2281 mandati
1146 2215 1274 2282 vinculo

258 2358 330 2407 cum
353 2337 515 2422 delegante
544 2337 727 2422 conjunctus
756 2344 855 2423 esset,
884 2325 1058 2422 delegantis
1088 2344 1275 2426 procurato-

257 2484 324 2532 rem
355 2485 441 2549 esse,
475 2464 607 2549 ideoque
636 2464 681 2548 ei,
710 2463 750 2529 ad
778 2464 897 2547 negotii
925 2464 1087 2531 dominum
1109 2465 1273 2552 tuendum,

258 2589 458 2673 exceptiones
483 2607 522 2654 ex
537 2607 673 2674 persona
687 2587 861 2672 delegantis
877 2589 1027 2660 adversus
1045 2587 1274 2672 delegatorium

258 2716 446 2798 competere.
492 2710 582 2790 Quod
609 2730 681 2778 cum
708 2713 765 2797 iis,
795 2688 874 2798 quae
903 2713 942 2780 de
966 2713 1167 2799 stipulatione
1189 2715 1274 2780 inter

258 2836 484 2920 delegatorium
506 2840 538 2904 et
555 2835 733 2920 delegatum
747 2839 890 2926 exposui,
912 2839 1090 2923 praeceptis
1105 2838 1274 2904 vehemen-
1412 2828 1416 2832 ’

258 2958 383 3028 tissime
401 2981 543 3048 pugnare
566 2967 711 3049 apertum
734 2967 791 3028 est.
1110 2963 1113 2970 '

325 3085 434 3171 ltaque
467 3087 502 3152 in
535 3086 679 3153 omnibus
715 3087 755 3152 iis
790 3106 929 3171 quoque,
963 3106 1041 3170 quos
1073 3060 1272 3172 paragrapho

258 3209 363 3295 prima
385 3208 478 3290 hujus
502 3209 603 3295 partis
627 3211 823 3294 enumeravi,
846 3210 970 3277 casibus
992 3230 1106 3296 aeque,
1129 3215 1223 3294 atque
1239 3211 1273 3275 in

259 3331 335 3400 casn
356 3331 509 3417 normali5
542 3333 622 3399 ratio
651 3335 735 3401 inter
762 3334 958 3416 delegantem
986 3339 1018 3402 et
1046 3335 1272 3417 delegatarium

260 3462 291 3524 et
318 3457 402 3524 inter
429 3456 607 3540 delegatum
630 3457 888 3544 delegentemque
910 3460 955 3525 ita
977 3463 1147 3543 tractatur,
1182 3459 1272 3543 quasi

258 3584 323 3648 uon
345 3580 529 3648 mandatum
550 3582 634 3649 inter
657 3601 709 3650 ecs
733 3587 928 3679 contractum
951 3585 1008 3669 sit,
1025 3584 1088 3675 sed
1110 3583 1200 3668 quasi
1215 3582 1272 3648 da·
1299 3651 1301 3658 ,

259 3706 304 3771 tio
334 3710 366 3772 et
396 3705 579 3788 adelegato
608 3705 765 3788 deleganti
788 3712 820 3775 et
847 3708 1052 3792 adelegante
1081 3706 1271 3790 delegatario

260 3829 400 3916 qualibet
422 3850 462 3896 ex
484 3849 579 3897 causa
599 3831 683 3897 facta
705 3833 756 3898 sit.
899 3809 902 3816 ⁵

328 3954 428 4033 Quem
456 3955 501 4034 ,ob
529 3976 598 4024 rem
626 3957 665 4024 ob
695 3956 852 4045 duplicem
882 3957 1040 4024 dationem
1069 3955 1273 4044 stipulatione

260 4080 344 4148 inter
366 4079 592 4163 delegaterium
621 4087 653 4150 et
675 4066 851 4165 delegatum
877 4081 1075 4150 conciliatam
1096 4080 1273 4166 delegatus,
