2852 4780
595 403 880 505 ..J-⁸„

1410 455 1412 498 l

298 570 426 669 diderit,
449 573 623 670 perieulum
645 576 720 648 nori
735 581 886 667 nominis,
908 583 945 647 ut
960 581 995 648 in
1009 597 1084 646 easu
1098 579 1246 666 normali,
1269 579 1321 648 ad
1410 567 1412 606 *

299 707 525 792 delegaturium
546 706 704 794 pertineat
724 725 852 776 neeesse
874 710 932 772 est

365 832 390 900 Ι.
424 831 514 909 Quod
536 832 582 898 ita
605 851 684 915 esse,
708 832 735 898 si
757 829 967 912 delegutarins
984 828 1120 896 eruditor
1134 827 1319 912 delegantis

293 959 363 1041 est,
390 957 425 1022 in
446 955 585 1023 fontibus
608 955 741 1022 disserte
763 954 894 1037 dieitur,
923 957 1008 1020 uerte
1030 952 1070 1018 de
1093 971 1129 1018 eo
1152 971 1246 1038 earu,
1276 954 1316 1020 in
1411 1001 1412 1004 ,

293 1099 359 1166 quo
382 1079 544 1162 delegatus
566 1079 689 1146 debitor
710 1078 884 1162 delegantis
906 1081 964 1144 est.

294 1231 298 1238 ·
364 1203 515 1270 Attente
537 1203 619 1269 idem
643 1201 680 1268 fit
700 1203 734 1268 in
757 1220 940 1286 aequoque
963 1219 1054 1285 oasu,
1079 1201 1116 1266 in
1138 1219 1199 1285 quo
1221 1200 1313 1268 dele-

1409 1119 1412 1196 Ι

293 1331 389 1410 gatus
415 1345 479 1393 non
506 1323 679 1409 delegantis
707 1325 830 1393 debitor
857 1330 942 1409 erat,
975 1324 1032 1391 sod
1058 1324 1089 1390 ei
1117 1323 1235 1392 donare
1258 1323 1313 1394 vel
1411 1355 1412 1386 l

291 1443 425 1517 eredere
445 1450 580 1517 uolebat.
625 1449 678 1516 Ad
705 1449 932 1533 delegaturinm
960 1449 1044 1515 enim
1070 1447 1312 1516 nihilomnino
1411 1445 1412 1450 ’

294 1574 435 1662 pertinet
455 1575 537 1640 ratio
559 1575 643 1640 inter
666 1570 843 1656 delegatum
866 1577 899 1639 et
921 1572 1118 1655 delegantem
1140 1571 1175 1654 (l.
1193 1573 1245 1638 19.
1270 1573 1313 1640 de

291 1713 367 1765 nou.
391 1697 571 1783 ‹et-delego,
593 1718 694 1782 neque
707 1699 806 1782 igitur
820 1702 880 1781 est,
902 1716 958 1762 our
972 1695 1157 1780 delegatorii
1170 1696 1312 1782 intersit,

296 1822 388 1908 quale
410 1823 571 1906 negotium
592 1823 675 1890 inter
696 1823 768 1888 illos
790 1821 869 1888 duos
891 1821 1048 1886 intentum
1061 1820 1167 1888 fuerit.
1200 1819 1313 1906 Atque
1411 1799 1412 1806 ’

296 1947 379 2034 quod
400 1948 532 2014 maximi
554 1947 605 2014 hie
626 1947 778 2014 momenti
800 1951 858 2030 est,
880 1946 998 2013 bonnm
1019 1963 1134 2012 nomen
1154 1944 1231 2012 feeit
1250 1942 1312 2012 de.

292 2069 477 2154 legatarius,
501 2090 597 2156 quum
619 2089 734 2138 nornen
755 2089 814 2156 pre
836 2069 970 2156 peounia
992 2069 1081 2154 sequi
1103 2067 1261 2138 maluerit.

363 2192 466 2272 Quum
493 2194 591 2278 igitur
618 2194 828 2278 delegatadus
857 2213 950 2260 suum
971 2193 1128 2296 recepisse
1150 2191 1311 2278 videatur,

289 2318 414 2405 -reoapti
440 2319 616 2406 perieulum
644 2318 712 2402 ejus
735 2323 798 2403 est,
828 2318 895 2421 sive
917 2317 1039 2384 debitor
1062 2321 1111 2384 est
1132 2316 1311 2400 delegantis

290 2442 466 2527 delegatus,
490 2443 556 2510 sive
579 2443 722 2527 donator,
745 2443 814 2510 siue
833 2439 979 2510 creditor.

360 2565 399 2632 11.
434 2565 613 2632 Perieulum
635 2567 772 2634 nominis
794 2566 979 2650 delegatorii
1001 2585 1069 2634 esse
1091 2570 1176 2651 turn,
1200 2566 1227 2634 si
1249 2566 1311 2634 de-

294 2689 415 2774 legans,
437 2687 629 2772 delegatorio
651 2688 835 2775 donaturus,
858 2690 1042 2774 eialiquem
1058 2690 1224 2776 delegavit,
1246 2710 1311 2776 per
1409 2681 1410 2716 1

293 2833 327 2880 se
373 2815 446 2880 atet
478 2830 480 2835 ·

348 2834 413 3004 lii.
448 2937 530 3004 Illud
551 2916 650 3004 unum
671 2938 706 3004 in
729 2937 956 3006 dubitationem
978 2941 1124 3019 voeatum
1146 2942 1204 3022 est,
1226 2957 1311 3004 num

284 3061 477 3144 delegaturi
498 3066 566 3128 turn
590 3081 712 3148 quoque
733 3063 777 3130 eit
798 3061 985 3149 perieulum,
1008 3062 1036 3128 si
1058 3061 1212 3146 delegatio
1228 3079 1310 3130 are-

253 3206 255 3210 ·
294 3183 387 3250 dendi
410 3205 505 3251 eausa
525 3185 610 3251 faeta
631 3182 727 3269 est¹)?

359 3306 421 3374 Sed
442 3306 521 3373 illud
536 3307 766 3375 admonendum
782 3313 840 3392 est,
862 3308 914 3375 hio
927 3326 1051 3394 quoqne
1066 3309 1309 3396 delegaturium,

292 3452 389 3517 quum
410 3449 525 3498 nomen
547 3450 605 3517 pro
625 3430 760 3517 peeunie
774 3433 863 3516 sequi
877 3431 1035 3519 maluerit,
1056 3435 1174 3502 bonum
1188 3453 1309 3502 nomen
1407 3521 1408 3543 Χ

281 3721 283 3728 Α
345 3648 366 3714 ¹)
389 3646 524 3716 Imprimis
542 3647 577 3704 ab
595 3649 695 3706 Hassio
712 3650 741 3704 in
758 3648 835 3720 libro,
854 3665 935 3722 quem
952 3652 1102 3724 inscripsit:
1125 3651 1229 3723 „Lehre
1246 3670 1306 3710 von
1406 3711 1407 3738 ἶ

291 3743 340 3799 der
358 3742 460 3814 Oulpa“
481 3746 557 3814 (eap.
572 3744 650 3814 ΧΠ).
677 3747 745 3817 Ejus
763 3752 855 3802 autem
874 3750 1009 3804 sententia
1026 3748 1144 3804 reddata
1160 3754 1243 3820 atque
1260 3767 1305 3806 re·
1406 3739 1407 3786 l

280 3835 364 3913 'jecta
380 3845 424 3896 eet
441 3857 460 3896 a
475 3840 677 3914 Meyerfeldtio:
699 3841 796 3900 Rhein.
809 3843 935 3900 Museum
946 3843 1007 3902 VII.
1025 3861 1052 3914 p.
1066 3846 1119 3902 100
1132 3862 1201 3919 sqq„
1220 3837 1304 3918 quein
1364 3863 1368 3876 ·

292 3939 403 4010 quidem
421 3953 472 3998 nos
490 3955 599 4013 quoque
616 3939 668 3998 hoa
684 3941 746 3998 loeo
763 3941 909 4016 sequimur.
931 3991 935 3996 .
