2834 4780
420 1051 423 1060 Ἰ
471 927 606 1013 ’onas
639 861 819 1012 asina«

134 1118 332 1207 nrsroain
353 1077 617 1224 olonnensia.
649 1124 787 1208 annio,
811 1123 897 1204 oon
919 1121 1149 1209 orssnanns

174 1241 176 1244 ·
510 1247 671 1316 nsanos
695 1247 776 1317 snt.

566 1426 725 1438 ——c—-uh-un-

562 1599 565 1606 -
605 1549 635 1632 ξ.
654 1553 683 1616 1.

209 1705 334 1774 Variae
358 1711 399 1776 do
423 1707 652 1797 delegationis
676 1705 871 1792 definitione
895 1707 1089 1776 sententiae.

137 1887 275 1996 Mirum
303 1933 455 2014 quantum
483 1929 602 1996 distant
629 1929 668 1995 de
696 1925 902 2011 delegationis
931 1931 1046 1994 natura
1080 1902 1151 1994 sen-

16 2103 18 2118 2
137 2050 265 2120 tantiae.
301 2051 525 2120 duriseonsnlti
552 2051 847 2140 magnam‘partem
871 2053 910 2120 de
933 2069 969 2120 eo
993 2069 1151 2118 summurn

138 2179 354 2263 consentiunt,
382 2175 614 2262 delegationem
634 2177 853 2265 stipulatione,
883 2197 902 2242 a
924 2175 1044 2244 duabus
1067 2177 1151 2244 inter
1254 2223 1265 2230 ,

138 2322 173 2371 se
193 2301 338 2390 personis
359 2303 532 2379 amandam
550 2301 745 2369 voluntatem
766 2302 879 2368 tertiae
900 2321 1054 2388 personae
1075 2321 1151 2368 oon-

137 2433 256 2512 traota,
285 2427 451 2495 eontineri.
497 2421 667 2493 'Gaddntne
702 2423 777 2492 vs'ro
811 2421 935 2510 onnon,
968 2426 1004 2492 in
1039 2423 1151 2510 quibus

138 2550 375 2638 stipulationem
402 2551 585 2618 contrahere
610 2551 692 2616 duas
714 2551 849 2617 atentia
872 2569 1025 2636 personae
1043 2549 1152 2634 jussae

139 2681 223 2762 sunt,
245 2695 336 2744 essars
357 2674 391 2742 in
410 2676 615 2760 delegationis
633 2674 809 2742 rationem?
843 2671 932 2752 Quod
954 2676 999 2760 ni,
1023 2675 1152 2762 quinam

16 2861 18 2872 ,
138 2820 229 2868 assus
253 2821 289 2867 eo
312 2800 493 2887 pertinent?
532 2798 671 2878 Quorum
692 2819 823 2866 ¹ossuum
846 2818 883 2866 ao
907 2799 1042 2885 proinde
1067 2799 1151 2866 dele-

138 2927 273 3008 gationis
295 2925 332 3003 in
352 2925 545 3017 aoonratiora
561 2922 742 2992 delinitione
758 2943 795 2990 aa
810 2923 1031 3008 desoriptions,
1054 2943 1150 3008 quum

134 3049 432 3132 jurisconsultorum
460 3050 634 3114 sententiae
651 3048 852 3116 vehementer
867 3031 1075 3133 discrepent,
1103 3047 1151 3113 di-

140 3151 256 3256 stingui
279 3171 339 3238 hae
359 3149 561 3260 potissimum
582 3148 728 3260 possunt:
1090 3147 1092 3154 ¹

206 3296 249 3364 A.
288 3296 355 3364 Alii
384 3299 494 3364 volunt
527 3298 756 3381 delegationem
787 3297 821 3364 id
855 3318 940 3384 esse,
974 3297 1002 3364 si
1030 3297 1152 3368 debitor

140 3421 325 3506 (delegatus)
355 3443 395 3488 ex
416 3422 577 3490 volontate
603 3423 767 3490 creditoris
790 3422 839 3488 sni
862 3422 1060 3506 (delegantis)
1074 3441 1152 3490 ore·
1204 3431 1205 3434 ’

140 3547 233 3614 ditori
255 3545 348 3630 hujus
371 3545 586 3630 (delegatorio)
602 3548 778 3634 promittat,
800 3548 846 3612 ita
861 3552 897 3612 ut
912 3567 976 3612 una
990 3546 1152 3636 delegatus

139 3692 158 3736 a
180 3671 342 3754 delegante
366 3691 402 3738 ao
424 3671 572 3754 delegans
596 3671 820 3754 adelegatario
834 3671 995 3739 liberetur.
1029 3650 1152 3739 Horum

16 3823 19 3864 μ
139 3795 236 3877 igitur
265 3796 422 3862 sententia
449 3796 625 3862 necessario
648 3795 804 3882 postula,
831 3802 868 3864 ut
890 3797 988 3883 duae,
1015 3801 1047 3863 et
1068 3797 1152 3862 inter

140 3917 317 4001 delegatum
340 3920 612 4006 delegantomqua'
632 3925 664 3987 et
684 3921 769 3988 inter
790 3921 987 4004 delegantem
1011 3937 1047 3986 ao
1068 3919 1152 3988 dele-

940 4036 955 4088 1
