2852 4780
776 437 820 505 50

719 529 875 538 ——-—...--=-

355 619 392 690 L.
406 621 437 688 2.
450 615 485 687 0.
498 620 543 705 (4,
555 619 600 702 5).
623 617 657 686 si
673 617 753 685 citra
766 615 865 682 ullam
879 614 1124 685 transactionem
1134 619 1320 705 pecusim

288 749 457 814 eudociam
484 745 587 811 alieno
617 743 765 811 creditori
793 739 978 828 promittere
999 741 1146 825 mnan
1169 761 1219 826 es,
1249 741 1317 807 ada

289 885 400 939 serens
433 887 518 955 mm,
553 887 633 955 quae
661 873 694 934 te
722 865 898 951 delegavit,
930 865 1159 934 condictionem
1188 865 1317 934 babere

288 999 389 1082 potes.

353 1111 391 1184 L.
409 1119 439 1184 7.
455 1116 484 1201 ξ.
504 1119 533 1184 1.
549 1117 618 1202 (44,
639 1116 685 1197 b).
716 1115 796 1182 Item
817 1112 964 1181 Julianus
991 1114 1052 1200 ait,
1080 1115 1109 1182 si
1131 1114 1178 1200 ci,
1210 1133 1317 1208 queun-

288 1241 476 1310 creditorem
504 1243 594 1306 tuum
621 1239 772 1326 putabas,
797 1238 889 1322 jussu
915 1243 971 1304 tuo
993 1239 1179 1327 paeoniam,
1194 1249 1310 1328 'qaam

287 1391 337 1432 me
364 1365 419 1434 uos
447 1367 557 1432 debore
580 1365 808 1447 eminatam,
837 1361 1028 1448 promisero,
1055 1367 1215 1448 petentem
1238 1364 1308 1430 doli

287 1487 364 1554 maii
391 1483 574 1574 exceptione
596 1487 787 1554 summoveri
809 1485 939 1566 debere3
968 1490 1000 1552 et
1022 1487 1161 1572 amplius
1181 1487 1307 1570 agendo

287 1627 360 1679 cum
393 1611 580 1698 stipulatcre
613 1627 796 1696 consequar,
830 1613 867 1676 nt
899 1609 976 1676 mihi
1011 1615 1189 1696 acceptumv
1206 1611 1308 1678 faeiat

288 1736 534 1823 stipulationem.

354 1859 389 1927 Si
419 1860 518 1928 altera
544 1859 752 1926 formularum
774 1855 1040 1940 Fittingianarnm
1068 1857 1120 1924 hic
1148 1863 1307 1944 usurpata

288 1987 353 2066 est,
381 1982 459 2049 haec
487 1985 557 2050 sine
583 1983 678 2050 dubio
706 1986 771 2048 este
800 1981 883 2068 qnod
905 1986 938 2048 te
961 1981 1045 2048 Titio
1067 1981 1142 2049 darc
1165 1987 1306 2068 oportet,

286 2107 321 2172 id
354 2103 433 2172 mihi
466 2104 540 2172 dare
574 2103 729 2192 spondes?
763 2125 864 2190 neque
893 2109 1001 2172 brnen
1029 2105 1131 2172 secius
1162 2105 1210 2172 sis
1237 2125 1305 2172 non

287 2230 470 2298 debitricem
501 2229 676 2314 delegatam
699 2229 732 2310 (l.
749 2231 780 2295 2.
796 2227 872 2295 (iod.
889 2230 923 2313 4,
945 2229 981 2311 5)
1004 2230 1074 2316 ipso
1093 2229 1168 2313 jure
1189 2229 1304 2296 sdver-

287 2375 341 2423 sus
375 2353 602 2438 delegatorium
623 2358 736 2420 <tutam
762 2373 826 2421 non
855 2371 940 2437 esse,
977 2358 1010 2420 ct
1034 2371 1099 2420 non
1126 2353 1304 2422 debitorem

287 2479 321 2562 (ι.
344 2479 375 2545 7.
396 2477 426 2562 a.
445 2482 474 2544 1.
495 2479 535 2546 n.
550 2481 605 2564 44,
623 2479 663 2561 4)
685 2499 750 2546 non
770 2479 833 2546 nio
860 2477 1044 2564 exspecto
1066 2452 1303 2562 s'colcgasrio

286 2602 434 2670 defendi?
457 2601 574 2679 Quodsi
589 2603 751 2688 stipulatio
766 2625 801 2672 re
815 2623 891 2670 rora
906 2623 954 2687 ea,
975 2623 1070 2688 qnam
1086 2602 1176 2689 dicis,
1196 2603 1303 2671 forme
1406 2673 1407 2678 ,

286 2729 446 2794 contrecta
480 2731 580 2811 esset,
612 2725 783 2794 absurdum
817 2731 911 2795 esset.
955 2725 1016 2795 Hic
1044 2733 1150 2796 autem
1178 2725 1303 2811 Fitting

286 2856 370 2920 certe
398 2849 503 2920 dicere
524 2871 588 2918 non
609 2856 732 2939 potest,
762 2852 1018 2935 jurisconsultum
1041 2853 1206 2939 scripsisse
1228 2852 1301 2938 qui-

285 2978 371 3044 dem:
410 2977 464 3062 „si
497 2977 662 3064 pecuniam
696 2977 869 3045 indebitam
902 2977 1004 3045 alieno
1036 2977 1185 3044 creditori
1222 2997 1300 3062 pro-
1405 2957 1406 2964 ἵ

285 3101 412 3168 mittere
434 3101 577 3184 delegato
600 3099 665 3187 es,“
691 3107 746 3170 ant
766 3103 818 3187 ¹„si
839 3102 1024 3190 pecuniam,
1048 3118 1145 3186 quam
1165 3120 1217 3168 me
1238 3101 1299 3168 tibi

285 3224 398 3291 debere
421 3225 651 3310 existimabam,
674 3224 880 3312 promisere,“
905 3227 1010 3292 animo
1030 3245 1104 3292 vcrc
1127 3225 1195 3310 ejus
1218 3225 1298 3292 alte-

284 3364 352 3414 ram
376 3348 457 3414 hanc
478 3348 648 3414 formulam
666 3350 862 3415 obversatam
878 3370 963 3416 esse:
987 3351 1070 3436 quod
1085 3351 1204 3418 Titium
1219 3350 1298 3416 mibi

285 3472 360 3540 dare
383 3477 517 3560 oportet,
540 3473 582 3538 id·
595 3473 673 3540 mibi
696 3473 773 3540 dare
795 3473 952 3560 spondes?

350 3595 451 3682 Leges
473 3597 571 3679 igitur
592 3597 662 3663 illas
685 3597 771 3663 nulle
790 3598 883 3665 modo
898 3597 1100 3686 interpretari
1115 3619 1295 3686 possumus,

203 3779 207 3786 .
283 3720 346 3787 nisi
368 3739 530 3788 sumamus
553 3721 788 3807 stipulationem
809 3728 893 3790 certe
908 3729 1090 3810 conceptam
1104 3723 1217 3804 inisse3
1240 3722 1296 3789 illa

284 3849 389 3912 autern
410 3845 527 3930 legum,
553 3865 635 3932 quae
655 3847 741 3932 typis
761 3848 896 3916 cursivis
919 3862 1069 3935 expressa
1090 3851 1177 3933 sunt,
1199 3846 1296 3914 verbe
1403 3877 1404 3894 n

283 3969 581 4042 demonstrationem
603 3975 726 4038 tanturn
749 3989 818 4058 esse
840 3971 1035 4058 quantitatis.
