2852 4780
683 511 840 522 ...α-...-

324 597 551 667 sicomorum
579 599 740 685 sequimur
763 602 971 682 structuram,
997 597 1043 680 is,
1073 596 1128 681 qui
1150 597 1275 670 actione

257 722 399 790 mmdati
420 724 538 808 utitur,
567 743 659 791 nemo
683 743 755 790 esse
774 727 879 810 potest
901 721 998 807 allus,
1024 720 1087 788 nisi
1110 721 1165 806 qni
1187 720 1277 789 dole·

242 827 361 932 ‘gavit
388 865 448 914 nec
469 848 650 915 conceditur
672 849 703 914 ei
725 847 783 913 illa
804 847 886 914 actio
909 865 950 912 cx
973 845 1168 927 delegatione
1189 845 1276 931 ipsa,
1414 891 1415 904 ,

259 970 315 1038 ssd
345 989 385 1038 ex
413 989 494 1038 nora
518 971 558 1037 ad
581 970 809 1054 delegationem
831 970 997 1037 accedente
1020 987 1128 1036 causa:
1154 987 1275 1054 ,quum
1414 953 1415 1022 Ῑ

258 1092 328 1181 ipsc
348 1095 544 1181 praestiterit
565 1092 761 1181 pecuniam.“
800 1094 845 1160 At
866 1093 995 1161 utrivis
1017 1111 1090 1159 cum
1107 1093 1275 1178 pecuniam

258 1219 472 1304 praestitisse,
500 1218 643 1301 delegato
672 1239 712 1285 an
737 1217 950 1300 delegaturio?
979 1223 1012 1284 et
1033 1220 1144 1284 contra
1165 1221 1276 1282 utrumn

258 1342 307 1408 uti
329 1343 451 1410 acdonc
474 1341 637 1408 mandati?
659 1341 719 1408 hoc
742 1342 908 1408 obscurum
932 1335 993 1408 est
1017 1402 1021 1414 ,
1414 1399 1415 1432 ,

327 1467 358 1530 2.
392 1464 438 1530 At
458 1485 533 1531 vero
562 1485 625 1531 non
653 1465 899 1548 grammaticalis
925 1469 1068 1548 tautum,
1095 1463 1152 1530 scd
1172 1464 1277 1546 logica
1414 1437 1415 1518 3

260 1588 355 1655 ctiam
388 1589 608 1675 mterpretatio
639 1589 788 1675 impedit,
822 1589 988 1675 quominus
1023 1587 1186 1670 delegatus
1220 1587 1275 1670 sit,

259 1713 314 1797 qui
346 1713 469 1778 actione
502 1712 643 1779 mandati
675 1717 802 1798 ututur,
835 1713 864 1779 si
894 1712 1060 1801 pecuniam
1089 1710 1193 1778 solvit.
1238 1708 1277 1776 Si

260 1836 441 1903 enimuero
465 1834 650 1920 ,delegare“
675 1841 707 1904 ct
731 1832 921 1921 ,mandarc“
945 1835 1029 1900 idem
1054 1839 1152 1918 essct,
1177 1852 1276 1919 quare
1414 1867 1415 1916 3

259 1959 402 2041 delegato
425 1960 507 2026 actio
529 1960 670 2026 mandati
692 1963 760 2025 tum
780 1965 906 2026 tantum
920 1959 1112 2043 conceditur,
1135 1957 1163 2023 si
1177 1975 1276 2044 pecu-

259 2083 346 2148 niam
369 2082 472 2166 solvit,
494 2087 531 2148 ut
553 2082 689 2149 solutum
711 2087 852 2168 repetat,
882 2103 979 2169 quare
1000 2102 1065 2148 non
1086 2087 1155 2150 turn
1178 2082 1274 2148 etism

261 2206 288 2272 si
309 2207 444 2293 pecunia
466 2206 604 2272 nondum
628 2207 731 2273 soluta
753 2212 818 2292 est,
840 2212 877 2272 ut
899 2225 937 2273 ee
957 2206 1176 2274 liberationem
1198 2223 1274 2272 con-

261 2331 429 2418 sequatur?
451 2329 593 2398 Mandati
615 2333 701 2400 enim
716 2330 872 2416 judicium
895 2331 935 2397 ad
958 2351 1031 2398 eum
1052 2350 1150 2397 unum
1164 2348 1276 2397 casum

259 2457 429 2542 pertinere,
451 2457 485 2522 in
508 2477 570 2542 quo
592 2457 726 2543 pecunia
743 2456 812 2541 jam
828 2456 931 2524 soluta
947 2462 1005 2541 cst,
1028 2454 1199 2523 absurdum
1214 2457 1274 2520 est.

327 2551 490 2644 Sententia
511 2584 620 2644 nostra
641 2586 747 2646 antem
771 2601 808 2646 co
823 2580 1035 2664 confirmatur,
1059 2550 1153 2664 quod,
1176 2596 1276 2664 quum
1413 2595 1414 2632 ῑ

259 2701 309 2768 tot
329 2673 406 2766 locis
428 2699 468 2765 de
491 2698 666 2766 actionibus
686 2700 831 2785 legimus,
856 2721 936 2786 quac
959 2702 1101 2782 delegato
1123 2703 1275 2770 adversus

260 2824 457 2908 delegantem
480 2823 693 2892 conceduntur
717 2859 758 2872 -
782 2843 937 2911 nusquam
960 2823 1041 2892 uliae
1057 2831 1274 2892 memorantur

259 2949 322 3016 nisi
351 2949 563 3016 condicticise
602 2949 662 3028 Qui
691 2954 797 3017 autem
824 2948 894 3017 ficri
915 2949 975 3016 hoc
996 2952 1120 3035 posset,
1149 2950 1177 3016 si
1199 2969 1274 3016 uere
1345 2942 1348 2946 ’

263 3071 458 3158 ,delegars“
489 3073 575 3142 idem
602 3080 686 3142 essct
713 3095 750 3142 ac
782 3071 1006 3159 „mandare“?
1049 3073 1160 3138 Nonne
1189 3072 1274 3138 onim

256 3194 490 3281 jurisconsulti,
525 3197 565 3263 dc
593 3193 789 3280 delegatione
816 3197 1024 3284 disputantis,
1054 3194 1134 3261 illud
1162 3199 1273 3282 sponte

262 3320 412 3389 subiisset
424 3320 576 3404 animum,
599 3325 635 3384 ut
650 3320 850 3405 delegationi‚
874 3321 991 3408 quippe
1006 3321 1164 3402 mandato,
1182 3337 1273 3384 man-

262 3445 327 3511 dati
350 3445 534 3528 adjungeret
556 3443 731 3510 actionem?
792 3463 794 3470 ’

327 3568 471 3652 Denique
499 3589 519 3634 a
546 3574 655 3634 nostra
682 3572 773 3654 perte
800 3567 905 3650 glossa
932 3573 1004 3634 stat.
1043 3567 1165 3634 Scimus
1189 3564 1273 3632 enim

216 3753 218 3756 .
257 3689 326 3778 jam
352 3711 394 3759 cx
419 3693 666 3777 introductione,
696 3692 736 3757 ad
765 3691 929 3758 historiam
946 3691 1146 3766 litterariam
1173 3689 1273 3774 perti-

261 3821 371 3902 nente,
399 3816 536 3900 glossam
565 3816 758 3898 distinguere
785 3815 1001 3883 interversa:
1031 3810 1216 3896 ,delegarc“
1242 3817 1275 3879 ct

264 3939 468 4025 ,maudcrc“,
481 3977 522 3988 -
534 3941 641 4026 itaque
656 3941 751 4008 etiam
763 3940 932 4008 Accursius
944 3937 1117 4005 clausulam
1128 3937 1207 4020 legis
1221 3938 1273 4004 12.
1411 3907 1412 3922 ἵ
