2852 4780
574 418 734 518 „se-

144 603 225 678 gans
241 655 244 662 ,
259 597 367 664 eutem
400 591 592 675 delegetur-ie
625 593 757 662 saluisse
790 594 952 682 videatur,
987 597 1160 682 quaeritur,

7 795 8 800 η
144 718 266 785 nihilne
296 718 377 784 elius
400 717 442 783 sit
464 718 509 802 is,
538 718 591 802 qui
615 717 734 805 dupliei
748 719 830 786 ⁴huie
853 719 1002 794 solutioni
1024 725 1057 787 et
1076 721 1161 788 inter

144 842 325 926 delegatum
347 840 605 926 delegantemque
628 847 660 910 et
681 843 768 920 inter¹
787 843 984 934 delegantem
997 843 1160 928 ¹‹lelegate-

143 967 292 1052 riumque
308 966 477 1050 enteredil„
495 985 678 1051 eonsensus,
700 983 794 1052 quam
808 971 937 1053 paetum
952 968 991 1034 de
1007 967 1160 1038 solutione

144 1091 252 1161 uerbis
273 1089 433 1174 lenienda,
457 1105 509 1175 en,
533 1109 620 1176 quae·
635 1091 776 1174 vulgaris
796 1092 892 1160 hodie
915 1093 1070 1163 sententie
1092 1113 1161 1162 esse

144 1214 287 1299 videtur,
313 1213 497 1299 mandatum
519 1214 558 1282 de
581 1216 773 1302 stipulando,
797 1234 852 1284 seu
875 1217 916 1284 de
935 1217 1161 1304 premittenda,

144 1337 287 1408 solvendi
321 1357 418 1406 eausa
450 1339 665 1413 contreetum?
704 1337 804 1409 Preut
831 1341 967 1410 alterum
995 1341 1167 1444 sumimus,-

141 1463 282 1530 rationes
319 1463 402 1533 iuter
436 1462 650 1548 delegantem,
688 1464 883 1552 delegatum,
921 1466 1159 1550 delegetarium,

133 1587 286 1672 -juiisque
307 1588 531 1673 consequentia
552 1593 619 1654 tem
641 1587 767 1656 diversa
789 1594 898 1675 erunt,
924 1597 962 1657 et
982 1591 1159 1659 necessarie

144 1710 280 1784 aterum
301 1716 426 1782 tautum
447 1712 539 1778 nubis
561 1711 787 1778 summentium
805 1713 856 1778 sit.

154 1882 167 1900 .,
210 1835 277 1902 Nes
295 1834 435 1920 quidem,
456 1855 554 1920 quum
565 1853 730 1904 sumamus
745 1855 814 1904 esse
830 1835 1006 1923 simplieem
1021 1836 1060 1904 de
1074 1835 1159 1906 sulu-

136 1959 231 2028 tiene
259 1976 465 2044 eonsensum,
478 1974 641 2028 'tenemur
661 1961 851 2030 sententiam
874 1981 984 2029 eorum
1004 1961 1159 2047 refellere,

145 2083 200 2168 qui
227 2083 411 2153 mandatum
439 2099 517 2152 esse¹
536 2083 705 2178 affirmant.
743 2086 833 2164 Quod
861 2086 988 2172 quidem
1015 2107 1052 2154 ee
1074 2085 1158 2156 diffi-

112 2287 116 2298 ,
144 2207 235 2277 uilius
270 2209 346 2293 erit,
380 2209 459 2294 quia·
486 2209 604 2278 nullius
638 2210 776 2276 nononis
803 2210 960 2294 juridieae
985 2211 1064 2280 fines
1092 2216 1159 2280 tam

144 2337 254 2402 anuos
276 2337 372 2417 atqua
393 2333 456 2400 iusi
477 2337 563 2418 sunt,
586 2354 681 2418 quam
696 2334 800 2418 hujus.
835 2334 880 2400 At
895 2340 980 2402 eerte
994 2355 1058 2402 nen
1073 2340 1159 2404 earet

143 2456 272 2527 finibusz
287 2477 399 2524 *nenne
422 2458 509 2526 enim
529 2455 663 2527 Romani
685 2458 749 2544 ipsi
764 2458 950 2527 mandatum
965 2462 1021 2526 tua
1034 2462 1158 2528 tantum

144 2581 247 2664 mutia
276 2587 444 2650 secernunt
472 2579 626 2652 afinibus
652 2583 775 2678 proprii
796 2583 959 2653 mandati?
991 2582 1077 2652 Num
1098 2603 1157 2652 un-

144 2724 238 2790 quam
267 2705 402 2772 Romani
428 2705 713 2792 interpellationem
740 2707 893 2776 debitoris
922 2727 981 2796 pre
1008 2708 1157 2778 mandate

8 2893 9 2898 ,
144 2829 183 2896 de
206 2829 353 2899 solvende
375 2830 572 2899 habuerunt?

137 3009 141 3014 .
211 2953 292 3022 Sunt
320 2955 404 3022 enim
427 2956 713 3039 messanenses,
743 2955 855 3038 quibus
878 2954 1020 3037 dignesei
1041 2957 1157 3042 petest,

143 3079 368 3148 mandatumne
390 3082 586 3146 eontraetum
609 3078 661 3162 sit,
684 3097 726 3142 en
748 3077 834 3144 eliud
854 3077 950 3163 qnid?
973 3097 1051 3164 ques
1065 3084 1157 3148 netas

144 3217 230 3287 esse,
250 3201 310 3269 ¹vel
326 3201 412 3272 inde
440 3207 590 3288 apparet,
625 3201 709 3287 quod
737 3189 921 3294 mandatum
949 3207 1005 3272 tua
1032 3208 1157 3274 tautum

136 3325 247 3410 :grane
269 3331 452 3409 segregatur
473 3347 493 3394 a
514 3327 644 3414 proprie
666 3326 825 3399 mandate.
859 3326 930 3396 Hue
951 3329 1048 3396 etiam
1069 3347 1156 3396 sees·

144 3451 224 3520 dunt
249 3469 322 3519 enm
349 3450 471 3536 aliquot
494 3451 576 3534 juris
605 3452 842 3537 eensequentia,
876 3452 1156 3540 tinn'prineipelis

49 3567 53 3574 '
137 3576 284 3662 pennam
309 3575 454 3645 intentis.
492 3576 619 3654 Quanta
642 3581 751 3642 eutem
777 3575 990 3644 Romanorum
1018 3578 1053 3644 in
1081 3595 1154 3646 een-

146 3697 312 3768 stituendis
347 3699 489 3765 mandati
521 3699 636 3770 finibus
663 3701 713 3766 &sit
737 3700 921 3786 subtilitas,'
945 3705 1155 3787 quantamque

144 3825 298 3893 rationem
326 3797 462 3892 habeant
476 3824 673 3916 ¹prineiqalis
689 3825 836 3911 ¹partium
858 3825 997 3911 consilii,
1027 3826 1154 3894 demon-

147 3952 246 4015 strare
268 3949 413 4018 velumus
441 3948 509 4017 loeo
533 3949 736 4035 gravissime,
766 3969 805 4016 ex
829 3969 890 4038 que
913 3948 1069 4036 intelliges
1091 3969 1155 4022 nen
1217 3986 1219 3990 ·
