2852 4780
702 433 861 533 „Q

273 634 361 702 meo,
395 631 458 682 non
493 611 612 700 poterit
644 611 795 680 adversis
827 615 988 698 petentem
1019 612 1068 678 uti
1102 615 1307 701 exeeptiome

373 738 410 806 In
430 735 949 806 esdemoausaestmaritus....
972 737 1306 827 ltoqoeoond‘sottom

274 876 392 958 tenetes·
414 865 546 947 debitor,
574 865 629 952 qos'
650 864 810 952 delepoott,
833 859 884 928 oet
902 863 1022 946 mater,
1045 865 1082 928 ut
1102 861 1154 929 vel
1174 861 1305 931 liberet

274 987 459 1077 debitorem,
482 985 533 1054 vel
555 986 583 1052 si
605 985 710 1071 solvit,
733 990 769 1052 ot
790 985 925 1072 poeonia
947 985 977 1053 ei
998 983 1180 1054 rodoam?

341 1107 427 1191 Quae
448 1110 503 1178 lex
524 1108 679 1194 delegato,
702 1110 753 1178 oui
774 1111 943 1196 promissio
956 1108 1301 1178 idtirooinoommodo

273 1236 346 1321 nie,
366 1235 451 1322 qnod
466 1232 646 1321 stipulatori
661 1234 879 1322 exeeptionem
892 1233 973 1318 legis
987 1231 1114 1302 Oinoise
1129 1253 1300 1322 opponere

272 1378 338 1426 non
358 1359 474 1445 potnit,
496 1357 649 1426 sdversus
671 1355 868 1441 delegantem
889 1375 953 1426 non
973 1357 1132 1426 sotionem
1144 1359 1298 1426 mandati

242 1550 253 1570 ,
274 1481 427 1566 eonoedit,
450 1481 507 1548 sed
528 1481 756 1548 eondiotionem
779 1481 831 1564 (ob
852 1482 1003 1566 injustam
1024 1483 1166 1565 oausam]
1188 1483 1224 1548 in
1240 1483 1296 1568 id,

274 1606 357 1692 quod
372 1606 457 1675 ultra
471 1605 649 1689 legitimum
663 1605 792 1672 modam
806 1606 848 1672 sd
863 1625 936 1672 snm
950 1607 1132 1694 pervenisse
1146 1611 1294 1693 potatur.

277 1761 280 1768 ·
341 1733 373 1798 2.
407 1729 444 1796 L.
462 1732 494 1797 2.
509 1728 538 1813 d.
555 1729 671 1815 2.·(39,
687 1731 732 1814 5).
762 1729 887 1814 ,Quom
901 1750 976 1798 raro
998 1751 1068 1816 ego,
1089 1729 1173 1798 'litio
1191 1751 1295 1818 peon-

273 1855 360 1922 niam
375 1854 560 1939 donaturus,
582 1859 625 1939 te,
648 1855 703 1940 qui
717 1853 796 1922 mihi
816 1855 1001 1924 tanmndem
1017 1855 1136 1952 donare
1148 1855 1294 1940 volebas,

270 1979 394 2062 jussero
418 1979 501 2045 Titio
523 1952 728 2065 promittere,
747 1979 832 2046 inter
854 1999 963 2047 omnes
985 1999 1137 2067 personas
1159 1977 1293 2048 donatio

273 2103 414 2188 perieota
436 2099 515 2168 est.“

340 2217 417 2312 Hie,
446 2242 517 2292 eum
542 2225 627 2294 inter
653 2225 832 2312 delegatam
854 2233 887 2295 et
908 2227 1104 2312 delegantem
1127 2229 1166 2295 de
1189 2223 1292 2296 dona&

273 2353 375 2437 done,
402 2369 460 2438 per
487 2352 729 2438 promissionem
755 2353 849 2420 tertio
876 2353 1070 2440 leniendam,
1098 2351 1292 2440 perficienda

274 2475 471 2560 convenerit,
492 2477 702 2562 promissione
724 2478 861 2562 delegati
882 2479 982 2564 imta,
1004 2477 1133 2546 donatio
1147 2477 1292 2565 pernota

274 2606 332 2668 est.
372 2600 477 2678 Quum
504 2605 611 2668 autem
639 2621 675 2668 eo
697 2607 857 2688 tempore,
892 2623 953 2688 qno
975 2601 1027 2671 lex
1050 2603 1147 2670 allato
1169 2603 1292 2688 seripta

274 2729 338 2809 est,
360 2727 490 2812 paetum
513 2723 553 2790 de
573 2723 719 2792 donando
741 2745 871 2813 prorsus
893 2726 1039 2795 inefficax
1062 2731 1160 2811 esset,
1188 2723 1289 2793 dons-

273 2850 392 2917 tionem
414 2847 628 2935 stipulationi,
650 2869 714 2916 non
736 2849 933 2920 antecedenti
954 2854 1064 2938 paeto,
1091 2851 1197 2918 inesse
1218 2869 1289 2916 ma·

210 3049 214 3060 .
273 2975 424 3042 mamm
446 2979 509 3040 esa
530 2973 672 3060 anaqam
694 2975 779 3042 onim
800 2995 864 3042 non
885 2975 1029 3059 denseo,
1050 2973 1109 3041 seo
1122 2973 1220 3042 eseia
1235 2993 1289 3040 so·

273 3097 351 3164 lotio
373 3118 433 3184 per
454 3097 691 3185 stipulationem
713 3099 855 3187 perieota
877 3103 969 3166 esset.
1014 3098 1158 3166 Eandem
1180 3101 1289 3166 summ

274 3221 314 3288 ob
334 3236 463 3293 oensem
484 3241 526 3290 ne
548 3223 733 3290 mandatnm
759 3223 887 3308 qnidam
908 3223 948 3290 de
969 3219 1181 3310 promittendo
1202 3223 1289 3290 inter

273 3346 452 3432 delegatum
486 3351 518 3413 et
551 3347 746 3429 delegantem
773 3367 845 3414 esse
872 3351 990 3434 potest3
1025 3347 1164 3433 alioquin
1190 3348 1287 3432 enim,

273 3463 351 3539 soom¹
374 3469 510 3554 delegati
536 3471 705 3557 promissio
732 3471 834 3554 magis
862 3471 1020 3557 mandati,
1047 3471 1185 3559 simpliei
1211 3491 1286 3538 oon-
1423 3469 1424 3544 ζ

274 3615 368 3663 sensu
390 3595 575 3678 obligatorie
595 3596 766 3680 eontraoti,
788 3596 964 3682 exsecutio,
991 3613 1086 3682 qoem
1108 3594 1286 3662 donationis

274 3725 357 3788 esset
377 3721 546 3807 perfeetio,
569 3720 722 3823 eveniret,
749 3724 786 3786 ut
807 3725 934 3813 paotorp
957 3721 996 3788 de
1018 3719 1174 3806 donando,
1195 3735 1286 3786 man·

273 3836 340 3911 dati
362 3845 499 3932 speeiem
521 3839 608 3931 prae
620 3861 654 3912 se
676 3843 796 3930 terens,
820 3837 1038 3928 obligatoriam
1059 3844 1191 3912 liaberet
1208 3843 1286 3926 vim,
1423 3827 1424 3848 ¹

273 3961 368 4054 etque
395 3970 493 4053 igitur
520 3970 662 4040 mandeti
690 3970 882 4054 oramen,
915 3987 979 4036 non
1007 3967 1209 4056 promissioni
1235 3967 1286 4034 in-
