2852 4780
561 428 720 526 A

119 601 273 682 neseiat?
296 623 367 672 eam
390 585 496 670 autem
518 604 558 671 ob
581 586 708 678 oausam
731 604 884 672 eondiotio
900 604 1057 688 deleganti
1072 605 1145 674 data

123 735 199 813 est,
228 727 312 813 quod
339 727 470 812 perinde
499 731 562 812 est,
591 746 628 793 ao
658 729 684 794 si
711 729 845 815 peounia
871 728 938 812 ejus
968 705 1145 797 donationis
1235 709 1242 721 ’

122 873 229 922 eausa
250 851 290 918 eo
314 869 350 920 so
373 850 414 918 ad
437 850 662 936 delegaturiunn
683 853 872 938 pervenerit.

200 977 232 1044 4.
264 973 406 1060 Aooedit,
430 973 512 1060 quod
536 975 564 1044 si
586 975 770 1045 mandatum
792 975 876 1044 inter
898 974 1093 1059 delegantem
1113 983 1145 1044 et

126 1099 359 1183 delegaturium
385 1102 485 1182 esset,
515 1097 688 1182 delegantis
716 1120 785 1170 esse
809 1099 985 1186 perieulum
1007 1101 1144 1169 nominis

126 1222 268 1306 delegati
283 1226 442 1308 oporteret
454 1257 496 1267 —
509 1222 591 1307 quod
606 1242 678 1290 oum
689 1223 867 1292 donationis
878 1229 992 1293 nutma
1002 1243 1144 1310 pugnare

127 1347 335 1416 menifestum
359 1349 416 1413 est.

200 1469 324 1556 Itaque:
353 1487 449 1554 quum
472 1469 650 1540 donationis
672 1470 880 1557 perfiniendae
901 1471 1051 1556 intentio,
1079 1491 1144 1538 non

127 1595 273 1664 mandeti
304 1592 507 1664 contrahendi
534 1593 679 1660 voluntas
708 1595 792 1660 inter
818 1599 925 1680 pentes
952 1595 1144 1680 praevaleat,

129 1739 172 1786 ex
201 1719 326 1788 datione
353 1716 490 1784 donandi
518 1735 613 1784 oense
641 1716 725 1782 laeta
753 1715 881 1800 ejusque
904 1716 976 1799 jure
1005 1719 1143 1784 rationes

127 1842 214 1912 inter
237 1842 433 1926 delegantem
457 1845 488 1908 et
509 1838 737 1922 delegatarium
760 1839 981 1922 dijudieantnr.

197 1965 237 2032 II.
279 1963 344 2032 Fae
380 1962 606 2046 delegaturium
643 1962 791 2032 eredendi
827 1982 922 2031 eausa
958 1963 1144 2051 stipulatum

129 2107 211 2158 esse.

200 2213 230 2277 1.
265 2211 464 2298 Quantopere
485 2211 537 2292 hio
559 2175 681 2297 quodue
704 2213 844 2299 partium
859 2213 990 2280 intentio
1006 2213 1144 2280 emineat
1268 2260 1271 2266 -

131 2339 163 2404 et
186 2334 312 2421 efficiet,
334 2340 456 2404 utnon
477 2335 672 2426 mandatum,
695 2335 751 2401 sed
773 2334 860 2402 aliud
881 2335 1042 2418 negotium
1059 2336 1143 2402 inter

132 2480 184 2528 eas
210 2459 403 2544 interoedat,
431 2459 603 2529 similitudo
630 2459 710 2542 legis
736 2461 787 2526 10.
804 2456 833 2542 d.
849 2458 880 2524 4.
899 2458 966 2544 (li,
992 2459 1023 2542 1)
1046 2459 1142 2526 doen-

130 2590 237 2654 mento
258 2585 349 2653 nobis
372 2583 447 2652 erit:

200 2707 256 2792 ,Si
289 2709 359 2794 quis
388 2708 471 2778 Titio
503 2711 711 2792 mandauerit,
746 2711 782 2774 nt
815 2707 855 2776 eb
888 2708 1046 2776 ueteribus
1075 2710 1140 2778 suis

128 2835 271 2898 mutuam
293 2835 460 2919 pecuniam
482 2833 649 2918 aooiperet,
671 2835 812 2898 mandati
828 2852 898 2900 eam
912 2855 975 2896 oon
990 2844 1140 2915 avaram,
1210 2849 1211 2852 ’

128 2954 321 3042 Papinianus
347 2957 429 3024 libro
457 2956 550 3024 tertio
577 2953 812 3038 Responsorum
840 2953 964 3037 scribit,
998 2956 1074 3042 quia
1102 2957 1141 3021 de

127 3091 237 3146 mortua
265 3081 403 3165 pecunia
432 3101 502 3144 eam
527 3077 620 3144 luda
647 3077 832 3162 obligatam
867 3081 899 3142 et
927 3075 998 3142 ideo
1026 3096 1140 3144 usuras

129 3220 202 3270 eum
231 3205 339 3288 petere
365 3220 429 3269 non
456 3219 549 3286 posse
577 3198 668 3284 quasi
691 3219 731 3266 ex
753 3217 848 3268 eausa
870 3199 1027 3286 mandati,
1056 3201 1140 3270 siin

128 3325 365 3412 stipulationem
387 3323 539 3392 deduotae
560 3341 625 3390 non
647 3320 751 3390 sunt!

194 3448 244 3518 De
272 3448 429 3516 industria
454 3447 698 3531 jurisoonsultus
725 3447 817 3518 initio
845 3448 941 3516 verbo
968 3445 1139 3517 mandandi

127 3573 176 3639 uti
190 3573 328 3658 videtur,
349 3573 439 3660 qnasi
454 3572 736 3657 demonstraturus,
759 3592 854 3658 quam
876 3592 994 3642 nonen
1009 3576 1139 3641 externa

128 3698 232 3784 speeie
253 3698 395 3766 mandati
417 3696 456 3764 de
471 3716 546 3764 vere
567 3697 686 3780 negotii
708 3698 860 3770 eontraoti
879 3695 1139 3779 neturajudioari

127 3821 245 3908 possit,
277 3822 434 3906 simulque
462 3818 616 3903 ostendit,
647 3841 741 3904 quam
770 3821 895 3890 diuersa
916 3820 1000 3904 juris
1029 3837 1138 3890 oense-

128 3945 256 4029 quentin
286 3945 479 4030 effieiantnr,
513 3943 540 4012 si
569 3944 724 4013 notionem
751 3944 879 4030 erediti,
914 3948 971 4012 aut
996 3942 1139 4039 mandati
