2834 4780
736 354 779 420 24

739 445 836 452 -.--·-·-

249 535 392 623 prodest,
410 534 484 619 quie
499 531 559 600 sibi
574 531 1061 620 impuleredebetoreditor,q1d
1075 534 1306 602 mtisiaotio-

252 680 325 728 nem
340 659 468 726 admisit
479 658 547 725 vioe
562 653 757 724 solutionis.“

739 957 779 1026 Π.

320 1157 369 1226 na
391 1161 508 1242 eutem
535 1175 630 1242 quem
653 1154 692 1224 de
714 1153 854 1244 perieulo
876 1153 1013 1222 nominis
1035 1155 1173 1240 delegati
1194 1178 1292 1226 oon-

255 1284 399 1352 stitutsm
422 1281 637 1368 exposuimus,
660 1279 770 1362 regule
792 1279 893 1366 poetis
915 1281 1033 1346 mutori
1054 1285 1170 1366 potest.
1204 1282 1288 1350 De-
1394 1256 1399 1377 d

253 1407 427 1494 legeterius
450 1406 546 1491 enim,
567 1409 604 1472 ut
621 1404 690 1488 jam
712 1423 810 1490 supra
830 1402 984 1488 vidimus,
1009 1423 1083 1472 onm
1105 1404 1289 1489 delegante

256 1532 373 1620 pooisoi
405 1533 527 1618 potest,
562 1534 598 1597 ut
627 1529 775 1612 delegans
803 1529 837 1593 in
866 1547 900 1594 se
928 1529 1104 1624 perieulum
1132 1531 1285 1598 nominis
1399 1545 1400 1640 p

257 1657 418 1744 suseipiat.
465 1653 637 1740 Memores,
674 1652 910 1740 stipulationem
942 1655 1069 1722 omnino
1104 1655 1282 1742 eroditnm,

257 1782 361 1852 vorbis
377 1785 583 1866 eontraotum,
601 1779 783 1848 aRomonis
798 1777 908 1846 heberi
924 1777 958 1860 (l.
975 1777 1006 1846 2.
1022 1777 1051 1862 d.
1068 1779 1100 1846 5.
1115 1779 1155 1846 de
1169 1779 1206 1846 R.
1224 1779 1281 1866 0,
1397 1773 1400 1828 l

256 1907 279 1972 l.
295 1908 327 1972 4.
344 1906 384 1973 ad
401 1905 433 1972 S.
450 1904 484 1970 O.
500 1903 593 1989 Meo,
614 1904 637 1970 l.
654 1907 685 1970 3.
701 1902 730 1987 d.
747 1905 778 1969 3.
795 1903 893 1987 sod),
920 1902 1140 1986 obligationem
1166 1909 1280 1972 sutem

257 2031 342 2098 inter
364 2028 542 2112 delegatum
571 2033 602 2095 et
623 2027 851 2111 delegatorium
878 2028 990 2096 initam
1018 2030 1165 2116 inprimis
1184 2029 1279 2098 illino

257 2154 430 2240 profectam
460 2173 529 2219 esse
555 2152 703 2237 eogitari,
732 2152 815 2238 quod
837 2151 1047 2236 delegatorins
1069 2159 1277 2242 oooeptsnne
1399 2203 1400 2212 ,

259 2278 422 2362 delegante
432 2278 599 2365 peouniom
612 2277 754 2360 delegato
767 2277 900 2344 eredidit
911 2277 1007 2358 (1.21.
1020 2276 1089 2361 §.L
1102 2279 1141 2348 de
1152 2279 1275 2364 donet),

260 2425 318 2492 per
341 2425 374 2472 se
395 2403 594 2489 intelligitur,
616 2408 745 2490 paetum
759 2402 844 2474 illud
857 2401 937 2470 nihil
953 2401 1049 2488 aliud,
1073 2423 1168 2489 quern
1182 2408 1274 2471 mon-

261 2529 370 2596 datum
393 2527 617 2615 quolifioetum,
641 2547 719 2598 esse.

328 2651 380 2718 Ad
401 2652 486 2718 huno
507 2653 605 2736 igitur
628 2671 734 2742 ossum
756 2652 917 2738 pertinent
936 2657 1116 2754 praesepto,
1139 2673 1218 2740 quse
1232 2654 1274 2722 od

260 2797 382 2846 merom
405 2776 632 2862 delegationem
654 2789 718 2844 non
740 2777 909 2863 pertinent.
1397 2731 1400 2834 d

331 2906 361 2970 1.
391 2903 540 2991 Inprimis
556 2902 766 2986 delegatorios
781 2921 853 2970 tum
869 2901 1032 2986 delegante
1048 2904 1170 2972 sotione
1184 2923 1273 2970 men-

262 3029 330 3095 doti
352 3030 510 3095 contraria
524 3028 563 3096 de
580 3049 616 3096 eo
634 3049 727 3112 egere
740 3033 857 3115 potest,
880 3027 1082 3114 quodminus
1098 3048 1118 3094 a
1132 3028 1271 3112 delegato

264 3171 392 3220 serrare
412 3154 533 3239 potuit,
555 3151 577 3217 l.
593 3155 647 3221 45.
669 3153 699 3238 ξ.
717 3157 747 3222 7.
764 3154 832 3239 (17,
856 3153 911 3238 1),
933 3153 1026 3220 1.22.
1047 3151 1076 3238 ᾗ.
1093 3154 1124 3220 2.
1141 3152 1208 3239 (17,
1231 3155 1271 3236 ll.
1397 3155 1400 3204 l

262 3277 349 3362 Ergo
373 3277 469 3344 etiam
491 3277 531 3343 de
547 3280 613 3343 toto
629 3276 746 3363 debito,
770 3281 796 3345 si
811 3277 891 3344 nihil
906 3278 1037 3364 oooepit,
1059 3297 1134 3346 nom
1151 3277 1272 3363 ,minus

264 3404 402 3470 solutum
423 3400 611 3484 intelligitur
626 3402 751 3470 etiamsi
772 3402 851 3470 nihil
874 3407 957 3470 esset
973 3400 1141 3470 solutum.“
1167 3401 1208 3491 L.
1221 3403 1272 3470 32.

263 3529 303 3596 de
324 3526 363 3594 V.
379 3527 413 3594 S.

331 3655 363 3720 2.
386 3650 520 3721 Videtur
548 3652 778 3738 delegatorios,
809 3653 837 3720 si
864 3651 1037 3740 perieulum
1066 3671 1086 3718 o
1114 3651 1273 3735 delegante

266 3782 446 3865 suseeptum
469 3782 528 3863 est,
552 3779 648 3844 etiem
670 3779 705 3844 in
728 3796 803 3844 essu
823 3778 846 3845 1.
859 3779 912 3845 68.
928 3777 958 3862 §-
973 3782 1002 3844 1.
1019 3777 1133 3863 (21,2)
1156 3777 1272 3844 eodone
1397 3755 1398 3790 ¹

265 3903 407 3974 mandeti
440 3903 598 3972 oontrorie
632 3902 671 3974 de
703 3903 794 3977 noris
827 3903 1010 3996 pignoribus
1045 3902 1157 3970 dandis
1185 3920 1272 3984 egere
1399 3963 1400 3984 ,

1397 2961 1400 3016 l
