2834 4780
693 407 852 504 A

332 587 364 652 a.
398 581 497 652 llulto
522 583 618 652 etiam
640 583 746 650 minoe
769 582 926 666 deleganti
947 583 1123 652 timendam
1147 589 1220 672 est,
1261 607 1314 654 ne

265 709 402 776 nominis
424 707 601 795 perieulum
623 709 664 776 ad
687 727 759 776 enm
781 707 952 793 redundet,
978 709 1006 774 ei
1028 709 1131 796 ipsine
1151 711 1310 794 delega-

265 835 340 904 tarii
368 832 461 919 eulpa
486 832 610 917 wevenit,
637 837 763 900 utnon
793 836 910 918 totam,
941 847 1021 920 qnae
1044 835 1073 904 ei
1096 833 1307 922 debebatur,
1395 861 1396 894 r

265 959 445 1048 peonniam,
466 957 616 1042 erigeret

335 1082 392 1167 „L.
406 1083 443 1150 3.
455 1081 491 1150 Ο.
507 1082 547 1150 de
561 1099 634 1150 nov.
648 1085 680 1151 et
694 1079 794 1164 deleg.
827 1080 959 1166 Quodsi,
975 1081 1171 1166 delegatione
1184 1084 1300 1172 tama,

261 1208 335 1292 jnre
356 1207 533 1274 novationis
555 1210 591 1272 tn
612 1205 764 1276 literatos
786 1225 836 1290 ea,
867 1206 987 1275 fruooa
1008 1209 1145 1293 renerio,
1167 1229 1207 1275 ne
1234 1231 1298 1295 eo,

267 1331 351 1417 quod
373 1331 464 1416 quasi
485 1351 505 1396 a
526 1329 639 1396 oliente
662 1350 719 1396 suo
741 1350 805 1396 non
827 1330 923 1396 faeiat
945 1332 1158 1418 exactionem,
1184 1335 1228 1402 ad
1254 1340 1296 1404 te

265 1455 442 1544 perieulum
469 1454 634 1540 redundet,
656 1475 755 1542 quom
775 1475 834 1541 per
855 1455 1024 1524 verborum
1046 1457 1294 1545 obligationem,

267 1580 428 1648 voluntate
449 1580 627 1648 novationis
648 1557 846 1666 interposita,
869 1579 976 1648 debito
999 1580 1150 1650 liberatus
1174 1582 1254 1650 eie.“

334 1707 365 1771 3.
401 1703 449 1771 Ne
470 1709 539 1772 tum
562 1705 689 1791 quidem
710 1702 901 1786 delegatorio
917 1704 1068 1772 adversus
1083 1706 1289 1788 delegantem

266 1847 429 1914 regressus
446 1830 551 1915 detrrr,
576 1831 614 1914 ei,
636 1829 820 1916 pignoribus
836 1829 957 1913 evictio,
980 1829 1129 1914 obligatio
1145 1831 1289 1916 delegati

267 1956 416 2022 ineertior
437 1954 521 2022 faeta
543 1958 600 2020 eet.
996 1969 999 1972 ·

337 2077 396 2162 „L.
413 2078 467 2146 68.
483 2075 514 2160 ᾧ.
532 2078 561 2142 1.
577 2076 616 2144 de
640 2077 730 2142 eviet.
747 2079 779 2142 et
801 2075 888 2162 dnpl.
904 2079 978 2164 stip.
995 2077 1063 2164 (21,
1079 2080 1136 2162 2.).
1171 2080 1285 2148 Orodi·

268 2208 329 2288 tor,
353 2203 408 2288 qni
428 2221 488 2288 pro
510 2202 645 2288 peronia
666 2219 781 2268 nomen
804 2200 954 2270 debitoris
975 2223 1034 2289 per
1053 2204 1284 2286 delegationem

268 2328 358 2414 eeqoi
385 2326 514 2412 maluit,
548 2326 658 2394 eviotie
685 2325 887 2412 pignoribus,
922 2346 1001 2411 qnae
1029 2329 1118 2414 prior
1144 2329 1283 2396 ereditor

269 2454 406 2540 aceepit,
439 2451 559 2523 nullam
588 2452 743 2520 notionem
771 2470 844 2524 eum
872 2469 924 2537 oo,
960 2452 1015 2537 qui
1041 2452 1195 2520 liberatae
1221 2457 1280 2538 eat,

268 2574 426 2648 habebit.“

335 2700 422 2767 Haeo
443 2704 613 2788 praecepta
634 2701 669 2766 in
690 2700 830 2770 fontibus
848 2699 1026 2792 justissima
1044 2705 1076 2766 et
1091 2701 1281 2788 aeqniaeima

134 2853 136 2856 ·
268 2845 339 2896 aeae
361 2825 518 2896 diomtm.
597 2869 598 2873 =
1387 2803 1390 2814 ³

335 2951 444 3020 Primo
470 2950 552 3020 faeie
580 2969 656 3018 eane
684 2947 753 3050 lieri
781 2953 902 3036 potest,
936 2955 973 3018 nt
1005 2949 1143 3038 ouipiam
1171 2949 1280 3028 danne

268 3077 424 3160 videatur,
446 3075 674 3158 ddegatariam
696 3096 715 3142 a
737 3075 901 3160 delegante
922 3074 1006 3162 quod
1028 3075 1132 3142 minue
1155 3095 1175 3142 a
1196 3074 1279 3142 dele·

139 3173 140 3178 Ἰ
270 3204 344 3284 gete
372 3200 506 3282 exigerit
533 3204 675 3284 repetere
703 3220 766 3266 non
788 3220 890 3286 posse.
935 3198 1067 3285 Proprie
1090 3199 1174 3266 enim
1195 3199 1278 3266 dele·

267 3323 371 3409 gatio,
404 3323 649 3408 qootieeoooqne
678 3341 750 3390 oum
780 3324 934 3390 solutione
962 3328 1179 3411 eomparatur,
1205 3345 1279 3390 vera

269 3469 332 3516 non
360 3453 409 3517 eet
436 3445 564 3528 solutio}
593 3451 687 3534 atque
715 3447 756 3514 de
783 3448 920 3533 notione,
950 3469 1043 3534 qnam
1071 3448 1278 3532 delegatarina

269 3575 303 3640 in
325 3573 503 3656 delegatum
524 3577 636 3640 neotus
659 3577 717 3658 eet,
739 3573 911 3643 theoretioe
931 3577 1056 3642 tantum
1076 3573 1140 3641 diei
1162 3577 1277 3660 potest:

338 3696 419 3782 „Qui
446 3699 601 3766 ontionem
630 3698 725 3766 habet
752 3719 821 3766 rem
850 3700 953 3786 ipsam
980 3699 1097 3768 habere
1122 3693 1276 3766 videtur.“

268 3821 306 3890 L.
324 3822 376 3890 15.
392 3821 432 3889 de
454 3842 520 3906 reg.
531 3822 596 3906 jur.

339 3947 394 4032 „Id
428 3947 513 4035 apud
547 3967 581 4016 se
614 3947 685 4034 qnia
717 3945 832 4020 babere
861 3947 996 4033 videtur,
1029 3949 1159 4034 dequo
1187 3947 1278 4014 habet
