2852 4780
558 409 717 507 A

103 590 220 654 rreate
245 579 386 673 petetur3
420 585 472 652 oui
501 585 651 673 paeoniae
679 585 816 654 creditae
841 587 951 656 eunus
973 605 1061 670 eum,
1089 583 1161 672 qui.

116 709 302 796 delegavit,
326 711 407 776 aotio
431 710 572 794 quaesita
594 708 672 776 est.“

197 831 404 901 Manifestum
428 838 476 900 est
499 852 624 900 servum
646 833 697 900 hio
709 833 865 900 woreditum
879 834 925 898 ita
939 834 1143 918 contraxisse,

47 1032 51 1039 ¹
117 961 162 1023 ut
189 978 214 1022 a
234 959 340 1024 futuro
365 977 420 1026 suo
443 957 583 1024 debitore
607 956 754 1023 creditori
769 956 835 1039 ejus
851 958 1074 1042 expromittere
1089 958 1143 1026 de-

107 1080 258 1164 legatus
279 1083 331 1148 sit.
365 1080 565 1164 Delegatario
588 1081 672 1146 enim
691 1081 889 1167 setisiaotum
912 1083 971 1166 est,
993 1099 1065 1148 oum
1082 1101 1144 1167 per

119 1204 363 1288 delegationem
377 1206 542 1292 poeoniam
557 1205 701 1288 exegisse
710 1204 864 1290 videatur,
880 1204 1028 1287 delegans
1038 1209 1144 1274 autem

121 1327 277 1410 delegato
301 1365 342 1376 —-
366 1331 400 1394 in
421 1329 492 1410 lege
514 1329 640 1414 quidem
663 1319 758 1395 allata
781 1330 864 1394 servi
886 1329 1012 1396 domino
1038 1365 1079 1376 -
1103 1350 1144 1397 ex

120 1453 267 1537 paeonia
295 1453 415 1519 eredita
438 1453 593 1536 obligatus
616 1458 680 1537 ast,
708 1454 803 1538 idque
826 1452 960 1520 simulao'
981 1452 1143 1538 stipulatio

108 1575 217 1640 inter
237 1575 465 1666 delegatorium
488 1583 520 1643 et
541 1577 718 1660 delegatum
741 1580 902 1644 eontracta
916 1581 975 1660 est,
997 1597 1060 1643 non
1074 1581 1143 1645 tum

122 1697 271 1784 demum,
294 1721 390 1785 quum
413 1701 547 1786 poeonia
568 1702 726 1786 promissa
747 1699 932 1766 naturaliter
954 1699 1057 1766 soluta
1079 1705 1143 1768 est:

122 1843 207 1888 nam
223 1825 298 1908 quid
314 1825 400 1891 aliud
413 1823 507 1910 putes
528 1824 589 1890 sibi
603 1823 683 1890 velle
697 1827 823 1908 tempus
837 1822 1011 1908 perfeetum
1029 1842 1144 1910 ,quae-

125 1948 195 2014 sita
218 1945 300 2031 est“,
329 1967 389 2031 quo
414 1948 480 2014 sine
505 1948 598 2015 dubio
622 1946 815 2030 significatur
837 1947 992 2014 uodonem
1007 1947 1144 2016 creditae

123 2071 285 2158 pecuniae
307 2071 451 2156 protinus
472 2072 680 2158 promissione
702 2075 810 2142 natam
833 2071 922 2138 esse?

202 2196 234 2260 6.
267 2194 362 2262 Datio
391 2193 538 2262 credendi
566 2215 659 2274 eausa
687 2217 706 2268 a
733 2196 874 2279 delegato
904 2195 1077 2280 dalmanti,
1112 2198 1144 2266 et

127 2317 219 2385 datio
237 2311 390 2385 'medendi
412 2339 506 2386 eausa
528 2340 547 2385 a
569 2319 732 2403 delegante
755 2319 945 2402 delegaturio
967 2319 1078 2386 metae.

161 2479 162 2486 κ
200 2441 297 2525 Cujus
319 2444 561 2529 compositionis·
578 2443 758 2531 exemplum
781 2462 978 2536 quamquam¹
991 2442 1033 2508 in
1047 2442 1143 2511 fonti·

115 2567 194 2634 bus
215 2587 278 2633 non
299 2567 444 2652 legimus,
468 2573 573 2636 temen
595 2568 733 2635 inuidere
750 2587 819 2634 eam
833 2587 926 2654 posse
941 2571 1043 2653 patet;
1067 2566 1143 2653 quin

130 2691 229 2756 etiam
251 2690 368 2759 habent
389 2683 491 2758 fontes
507 2713 554 2777 ee,
578 2713 710 2778 quorum
727 2712 786 2779 ope
799 2692 948 2760 faoillime
963 2691 1143 2778 exemplum

131 2814 267 2900 dupliois
295 2835 353 2902 per
380 2817 608 2900 delegationem
631 2817 743 2886 orediti
764 2835 951 2901 eomponere
972 2816 1142 2900 possimus,

15 3015 17 3022 ¹
131 2938 179 3004 ita
207 2937 363 3025 imprimis
386 2939 407 3004 l.
424 2941 478 3006 59.
498 2960 547 3025 pr.
570 2942 637 3024 (23,
653 2941 687 3021 3)
712 2920 754 2984 -ὲ
777 2939 860 3004 unde
889 2939 1005 3004 seimus
1027 2937 1142 3002 merito

131 3062 238 3128 dotem
268 3062 389 3145 aequiri
412 3063 592 3145 etiamtum,
620 3063 649 3126 si
670 3081 768 3144 uxor,
796 3061 901 3126 dotem
923 3061 1142 3145 constitutore,

130 3185 188 3250 alii
223 3202 317 3267 quam
349 3185 463 3250 marito
498 3205 538 3252 ex
563 3182 723 3250 voluntate
759 3183 827 3266 ejus
854 3184 1012 3270 promittit
1039 3221 1081 3232 —
1110 3189 1142 3250 et

129 3307 154 3373 l.
171 3308 225 3373 32.
243 3305 310 3390 (12,
328 3307 360 3388 1)
383 3343 425 3355 -
447 3307 531 3375 tunde
552 3308 697 3373 novimus
720 3307 914 3391 delegantem
936 3327 994 3394 per
1017 3307 1141 3390 delega—
1187 3355 1191 3362 ·

117 3433 251 3498 vtionem
274 3429 425 3497 debitoris
454 3432 502 3496 eui
526 3426 838 3499 aeuonem‘orodiue
860 3431 1012 3518 paeoniae
1034 3431 1141 3516 aequi-

131 3575 203 3622 rere
217 3575 310 3641 posse
325 3555 475 3621 adversus
491 3554 725 3638 delegatorium.
752 3554 852 3640 Atqui
865 3573 990 3644 *summa
1003 3553 1082 3636 legis
1097 3555 1141 3622 32

134 3677 273 3763 (12,1)
307 3679 356 3744 vis
389 3699 452 3746 non
486 3680 520 3745 in
554 3699 591 3744 eo
624 3680 727 3765 posita
761 3683 823 3763 est,
857 3683 893 3746 ut
931 3678 1053 3746 debitor
1087 3679 1140 3763 sit,
1169 3752 1175 3760 ¹

15 3793 20 3902 t
134 3800 222 3885 eujus
243 3804 450 3888 promissione
474 3802 630 3886 deleganti
652 3803 733 3870 aetio
753 3803 867 3872 erediti
889 3804 1070 3890 acquiratur
1084 3801 1140 3871 ad-

15 3903 16 3912 *
134 3944 242 3992 versus
265 3927 501 4012 delegatorium,
523 3928 581 4012 sed
601 3928 698 4013 ineo,
720 3933 756 3996 ut
769 3929 949 4015 promissio,
970 3945 1033 3996 non
1047 3929 1140 4020 natu-
