2852 4780
579 407 738 506 *st-

637 617 677 683 Π.

217 739 303 807 Pone
324 740 406 806 hano
427 739 525 805 fuisse
543 739 726 806 formulam:
752 741 856 826 „quod
873 739 981 807 Titum
995 737 1073 808 nili
1088 737 1164 809 dare

150 871 292 952 oportet,
320 865 355 931 id
380 863 558 930 nitidare
580 861 756 950 spondes?
780 883 882 950 neque
903 870 1010 932 nmen
1033 865 1164 951 similes,

149 987 259 1076 atque
272 991 307 1055 ln
335 989 443 1075 priore
467 987 619 1072 formula,
647 985 849 1056 difficultates
872 989 1021 1056 evitabisz
1049 1005 1195 1056 novam.

149 1115 235 1179 enim
271 1114 360 1180 intes
391 1111 616 1204 delegatoriuns
651 1116 684 1177 et
715 1111 894 1194 delegatum
928 1111 1164 1199 stipulationem

148 1242 249 1303 totam
279 1237 320 1303 ab
346 1254 399 1320 ea,
433 1255 513 1322 quaa
539 1236 623 1302 intes
651 1235 848 1319 delegantem
876 1241 908 1302 et
935 1235 1163 1320 delegatorium
1264 1319 1266 1324 ,

148 1361 336 1447 praecessit,
364 1360 502 1447 pendere
530 1357 720 1442 obligatione
747 1371 875 1426 semesa
905 1361 975 1426 erit.
1013 1359 1050 1427 ld
1078 1360 1162 1446 quod

5 1575 7 1584 Ι
148 1503 221 1551 euni
254 1483 466 1570 stipulationis
498 1483 585 1551 illius
611 1489 726 1550 natura
754 1489 787 1550 et
812 1485 992 1571 praeseptis
1019 1503 1162 1572 pugnare

142 1608 212 1692 jam
235 1628 331 1694 supra
352 1608 567 1694 copiosissime
589 1607 885 1674 demonstrauimus.

627 1784 682 1854 ΠΙ.

215 1908 365 1976 Famula
395 1909 506 1974 tertia:
540 1909 652 1994 „quod
681 1907 799 1974 Titium
827 1907 922 1991 mihi,
957 1907 1101 1994 quodque
1129 1911 1161 1974 te

147 2033 233 2099 Titio
256 2034 331 2100 dare
354 2037 494 2120 oportet,
518 2032 551 2098 id
574 2032 653 2098 mihi
675 2033 750 2100 dare
774 2025 949 2119 spondes?“
979 2031 1165 2114 conjunctae

5 2191 13 2198 -
147 2160 223 2222 sunt
248 2157 328 2223 duae
357 2156 534 2252 superiores
562 2156 715 2225 tonnulae
744 2160 776 2222 et
805 2156 899 2222 simul
924 2157 1088 2242 utriusque
1110 2155 1160 2221 in-

146 2281 325 2348 commoda:
348 2281 408 2347 hac
430 2281 516 2347 enim
532 2280 668 2386 formula
683 2279 827 2364 efficitur,
850 2284 887 2345 ιι
901 2299 982 2346 nova
998 2277 1160 2366 stipulatio

146 2406 242 2472 simul
264 2407 303 2473 ab
326 2411 459 2490 ιιιιιιι
482 2404 671 2488 obligatione
694 2400 896 2469 antecedente
911 2399 1057 2490 pendeat.
1092 2399 1159 2468 Sci-

145 2550 217 2596 mus
228 2549 303 2596 vero
317 2529 376 2596 hoe
394 2527 605 2616 stipulationis
621 2527 706 2593 illius
723 2531 855 2593 naturae
871 2525 1063 2593 contorium
1080 2546 1158 2594 asse.

191 2653 273 2720 .Hic
308 2658 413 2720 autem
445 2652 532 2720 locus
566 2655 659 2740 aptus
689 2656 753 2736 est,
782 2671 843 2736 quo
871 2647 950 2717 illud
979 2656 1158 2720 moneatur=

144 2779 290 2846 novimus
317 2778 351 2844 in
380 2798 416 2845 eo
446 2797 536 2862 casu,
564 2776 598 2842 in
627 2797 688 2862 quo
718 2781 750 2842 et
772 2776 919 2860 delegans
943 2780 975 2842 et
997 2775 1159 2859 delegatus

145 2903 280 2988 putativi
313 2903 441 2968 fuerunt
475 2902 648 2985 debitores,
683 2905 756 2966 ante
784 2897 946 2964 lulianum
980 2895 1159 2980 delegatum

145 3026 296 3093 adversus
329 3024 556 3108 delegatorium
596 3023 716 3090 nullam
750 3021 896 3088 habuisse
935 3019 1158 3106 defensionem,

143 3172 202 3237 per
225 3147 387 3214 lulianum
409 3168 503 3234 porro
527 3147 654 3214 demum
674 3165 853 3215 concessam
870 3144 983 3211 siesse
999 3147 1157 3234 exceptio-

135 3267 217 3340 nem
247 3271 321 3338 doli.
360 3272 490 3351 Quivis
518 3276 623 3338 autem
646 3270 823 3354 delegatum
845 3289 984 3356 unquam
1007 3270 1157 3338 adversus

144 3396 372 3481 delegatorium
392 3397 462 3483 ipso
481 3396 553 3480 jure
575 3401 679 3462 tutum
693 3416 756 3464 non
771 3396 879 3479 fauisse,
901 3399 958 3460 aut
972 3395 1157 3480 exceptione

145 3524 279 3606 eguisse,
303 3521 331 3588 si
352 3521 488 3587 formula
511 3521 721 3608 stipulationis
745 3525 799 3586 aut
821 3519 899 3586 haec
920 3519 996 3584 fuitz
1020 3517 1102 3604 quod
1125 3523 1157 3585 te

144 3645 227 3714 Titio
241 3647 316 3714 dare
331 3650 466 3732 oportet,
476 3645 510 3711 id
524 3646 603 3711 mihi
618 3646 693 3712 dare
710 3643 865 3732 spondes?
889 3648 943 3708 aut
958 3641 1048 3709 haec:
1073 3643 1157 3728 quod

144 3770 263 3837 Titium
290 3770 370 3836 mihi
399 3769 475 3836 dare
497 3773 637 3856 oportet,
658 3770 694 3836 id
716 3769 794 3839 mihi
818 3768 893 3834 dare
916 3765 1072 3854 spondes?
1102 3771 1157 3831 aut

143 3894 221 3965 haec
242 3893 392 3980 denique:
415 3893 499 3980 quod
521 3899 554 3960 te
568 3893 664 3979 Titio,
686 3893 830 3980 quodque
846 3889 966 3958 Titium
986 3889 1065 3960 mihi
1081 3889 1156 3956 dare

143 4015 279 4105 oportet,
298 4019 333 4086 id
352 4019 429 4089 mihi
451 4019 528 4089 dare
545 4017 700 4105 spondes?
732 4015 871 4099 Quanam
887 4013 1106 4124 formulennau,
1127 4013 1156 4082 si

941 4129 960 4184 4
967 4125 987 4164 ὕ
