2834 4780
578 437 737 542 ..Ll-

149 619 307 704 deleganti
320 625 361 686 ‘et
384 619 531 702 delegans
554 617 745 718 delegatorio
761 616 915 684 solvisset.
953 611 1049 684 Reote
1064 615 1162 700 igitur

150 749 183 812 et
197 745 300 830 quoad
311 744 507 827 delegantem
518 747 551 808 et
562 741 664 828 quoad
673 738 900 824 delegaturinm
911 739 988 807 haee
996 741 1162 808 dieantur:

152 871 306 954 „verbum
316 873 444 936 exeetae
459 867 611 954 pecuniae
627 885 691 932 non
706 865 806 930 solnm
822 865 863 931 ud
878 864 1066 932 solutionem
1081 865 1163 932 mie-

149 995 283 1062 rendum
316 999 380 1077 est,
413 1009 523 1057 verum
552 991 648 1055 etiam
677 989 717 1054 ad
744 986 1003 1071 delegationem.“
1041 989 1063 1054 l.
1089 991 1162 1056 187.

151 1118 191 1184 de
212 1117 251 1184 V.
269 1117 301 1184 S.
319 1153 360 1162 -
383 1114 448 1199 Ita,
476 1118 608 1200 excepto
629 1132 729 1199 parva
752 1113 981 1200 discrepantia,
1004 1113 1099 1179 etiam
1122 1110 1163 1178 ad

150 1245 294 1306 nostrum
326 1259 432 1307 easum
461 1239 602 1305 adhiberi
629 1241 762 1322 possunt
791 1257 843 1320 ea,
878 1257 958 1321 quae
986 1235 1096 1302 Celsus
1126 1234 1164 1301 de

151 1365 212 1430 alio
250 1365 384 1449 quodam
419 1361 626 1445 delegationis
657 1379 733 1428 oasu
769 1359 860 1426 dicit:
902 1361 1057 1447 „perinde
1094 1380 1164 1426 sum

151 1486 335 1571 (delegans),
359 1487 448 1573 quasi
471 1491 617 1552 exaetem·
637 1505 656 1550 a
678 1484 818 1570 debitore
840 1503 911 1551 meo
933 1504 1090 1551 summam
1105 1485 1164 1551 tibi

151 1610 379 1694 (delegatoris)
405 1610 551 1677 solverim
574 1610 625 1692 (in
648 1613 737 1674 textu
759 1608 875 1692 legitur
899 1605 1165 1694 „bonomi-inab,

152 1739 184 1800 et
212 1739 247 1799 tu
275 1735 365 1800 illam
388 1735 417 1800 ei
440 1731 641 1801 credideris.“
674 1733 696 1796 l.
713 1733 766 1797 21.
783 1730 812 1812 ξ.
832 1733 860 1796 1.
878 1732 945 1815 (39,
960 1733 1016 1814 5.).
1056 1731 1165 1817 Stipu·

150 1857 268 1925 latione
295 1858 409 1941 igitur,
437 1857 523 1952 inter¹
551 1855 777 1938 delegatarium
807 1833 839 1920 et
867 1854 1046 1938 delegatum
1073 1854 1164 1940 inita,

152 1981 309 2066 quandam
351 1977 626 2067 compendiariam·
656 1977 768 2062 agendi
805 1979 961 2046 rationem
1000 1979 1164 2063 nominari,

150 2105 365 2172 manifestum·
382 2109 446 2189 est,
476 2123 570 2190 quam
592 2104 696 2171 verbis
718 2103 860 2186 ejusdem
882 2102 967 2169 Celsi
988 2103 1035 2170 ita
1057 2103 1164 2190 expri-

150 2247 238 2296 mere
259 2249 442 2316 posaumus:
473 2228 692 2314 „celeritatem
714 2227 1002 2311 eonjangendamm
1024 2227 1164 2294 interae

152 2353 310 2421 notionum
333 2375 396 2420 une
418 2355 541 2420 aetione
564 2348 774 2432 ooonltari¹).“
868 2447 874 2458 ι

195 2521 228 2594 Ιι)
251 2527 283 2582 L.
293 2529 319 2582 3.
338 2531 361 2592 ξ.
373 2529 414 2583 12.
434 2511 488 2598 (m,
499 2529 534 2597 1).
545 2557 579 2566 -
598 2525 691 2602 Omnis
710 2529 801 2582 autem
819 2525 863 2582 ille
880 2527 957 2583 loeus
976 2525 1020 2582 hie
1038 2530 1093 2584 est:

190 2663 258 2695 „...
278 2625 302 2679 si
320 2623 470 2680 debitorem
488 2641 568 2680 suum
586 2625 612 2680 ei
631 2623 739 2693 (uxori)
757 2625 862 2680 solvere
879 2625 993 2696 jusserit
1011 2625 1164 2695 (maritus),

250 2723 397 2793 quaeritur,
420 2729 456 2780 dn
474 2722 578 2780 nummi
595 2721 664 2780 fiant
681 2724 753 2794 ejus,
777 2721 938 2793 debitorque
954 2721 1092 2779 liberetur.
1128 2721 1166 2778 ut
1280 2701 1283 2708 ⁵

188 2818 286 2876 Oelsus
296 2820 398 2890 sonabit,
416 2821 566 2876 videndum
578 2835 648 2892 esse,
667 2836 701 2876 ne
714 2820 769 2876 diei
781 2819 877 2889 possit,
896 2824 925 2874 et
936 2818 1086 2876 debitorem
1094 2818 1164 2892 ¹libe·

187 2921 289 2987 ratum,
314 2922 342 2972 et
363 2934 490 2974 nummos
508 2917 596 2975 factos
615 2918 713 2986 mariti,
732 2932 787 2972 non
804 2917 910 2986 uxoris3
933 2931 1009 2984 nam,
1030 2920 1058 2969 et
1075 2916 1099 2970 si
1117 2915 1165 2970 do-

187 3014 261 3068 natio
277 3015 341 3084 jure
359 3015 432 3070 oivili
448 3031 505 3069 non
522 2993 707 3083 impediretur,
732 3027 795 3066 eum
812 3012 852 3066 rei
870 3015 965 3081 gestae
983 3011 1105 3067 ordinem
1123 3010 1164 3067 fu·

187 3115 287 3180 turum,
299 3115 331 3164 ut
342 3111 459 3179 pseunia
471 3109 508 3164 ed
518 3116 550 3164 te
560 3121 583 3164 a·
589 3109 713 3164 debitore
726 3113 782 3179 mo,
795 3108 894 3164 deinde
906 3125 926 3164 a
934 3113 965 3164 te
976 3109 1012 3164 ad
1024 3111 1165 3166 mulierem

186 3206 354 3276 perveniret,
378 3219 442 3262 nam
465 3210 592 3266 calmonte
615 3205 867 3278 conjungendarum
891 3207 961 3264 lnter
979 3208 1165 3264 uenationum

186 3318 268 3358 unam
286 3304 412 3358 astionem
429 3301 601 3360 occultarat.

150 3398 263 3470 Aliquid
281 3399 362 3473 hujus
379 3402 433 3456 looi
450 3403 629 3472 mutavimus,
654 3417 703 3471 pro
722 3401 842 3457 ablativo
862 3401 1033 3474 „eeleritate“
1054 3416 1164 3457 aecusa-

150 3498 238 3553 tivum
259 3497 457 3568 „eeleritatem“
476 3505 609 3568 ponentes
629 3503 662 3553 et
668 3514 717 3569 pro
730 3500 887 3555 aeeusativo
902 3505 999 3570 „unam
1013 3498 1163 3554 sotionem“

152 3593 301 3651 ablativum
322 3611 399 3666 „una
416 3596 548 3652 oetione.“
585 3597 668 3652 Levis
689 3597 748 3651 aine
766 3597 850 3652 dubio
867 3598 998 3652 momenti
1015 3595 1084 3652 haee
1101 3611 1165 3650 eon·
1229 3583 1231 3588 ’

147 3693 256 3761 jeetura
278 3698 335 3763 eet,
358 3693 408 3748 sed
431 3709 464 3748 eo
488 3692 626 3763 probatur,
651 3693 801 3764 quodnisi
824 3695 863 3750 ita
879 3695 997 3764 legimns
1014 3695 1167 3762 intelligere

151 3805 205 3844 non
228 3805 388 3861 possumus,
412 3805 483 3860 quae
507 3792 543 3846 sit
566 3791 637 3846 illius
661 3791 714 3846 loai
736 3793 880 3847 renuntia.
923 3790 1082 3862 significare
1105 3789 1165 3845 volt

151 3886 277 3955 seriptort
305 3889 487 3959 assignatum,
512 3889 536 3943 ai
553 3875 740 3958 ‘ammiano
762 3889 862 3960 solvat,
886 3890 995 3959 proprie
1012 3887 1164 3958 putandum

152 3997 212 4037 esse
230 3984 382 4053 assignanti
400 3986 528 4056 solvisse,
551 3984 677 4055 huneque
697 3985 886 4054 assignatario.
923 3986 1000 4042 Unus
1018 3985 1101 4056 igItur
1118 3985 1166 4056 qui

960 4094 977 4146 2
988 4094 1005 4128 'k
