2852 4780
716 428 875 526 ,ρξ-

286 608 353 694 jam
380 607 598 696 promissionis
626 610 768 692 tempore
797 605 944 692 solvendo
973 605 1142 690 nonfuit,
1176 610 1307 691 tempus

292 733 478 802 eonditionis
499 731 662 801 existentis
678 729 909 816 respioiendum
923 751 987 798 non
1003 751 1082 815 esse,
1105 750 1309 817 semperque,

292 875 388 942 quum
416 855 552 926 conditio
576 855 711 939 delegati
733 855 845 926 molior
868 855 1011 942 quidem,
1039 875 1102 926 non
1123 853 1213 941 pejor
1234 853 1309 922 fieri

202 1011 203 1014 ¹
290 981 407 1068 possit,
442 980 482 1047 ad
516 980 666 1046 maritum
698 979 926 1062 delegaturium
958 979 1095 1049 nominis
1127 979 1309 1065 perieulum

290 1105 459 1193 pertinere.
498 1103 851 1191 Quodimprobandum
873 1107 932 1188 est,
958 1104 1033 1188 qnia
1054 1123 1127 1176 oum
1147 1103 1209 1173 loni
1230 1123 1307 1172 sen-

291 1230 391 1296 tentio
419 1233 557 1316 pugnat,
585 1249 665 1314 quae
687 1228 757 1296 vult
783 1229 817 1294 in
844 1229 903 1296 hoo
932 1247 1057 1313 qnoque
1081 1247 1156 1297 onon
1177 1233 1307 1315 tempus

291 1353 479 1422 conditionis
506 1353 671 1420 existentis
699 1353 905 1439 spent-andum
933 1372 1012 1418 esse.
1056 1350 1165 1437 Itaque
1188 1352 1309 1435 gradus

292 1478 420 1563 quidem
444 1477 585 1545 solvendi
606 1477 764 1545 facultatis
787 1477 946 1548 statuendi
968 1481 1054 1560 sunt,
1076 1475 1247 1562 regnisque
1265 1496 1309 1544 ex

290 1601 313 1668 l.
329 1603 384 1668 41.
400 1599 429 1684 i.
446 1603 477 1667 3.
494 1599 561 1685 (23,
584 1602 629 1683 3.)
652 1602 788 1686 repetito
815 1601 861 1669 ita
889 1600 1127 1669 conformanda:
1155 1604 1193 1674 nt
1220 1599 1308 1666 dele-

292 1725 407 1809 gatorii
434 1729 502 1794 tum
531 1730 655 1795 tantum
683 1725 859 1813 perieulum
886 1724 1023 1792 nominis
1043 1725 1104 1796 snb
1121 1723 1309 1794 *conditione

292 1850 443 1935 ostitit,
474 1849 501 1918 si
530 1851 684 1917 existente
712 1849 890 1916 conditione
912 1847 1035 1920 debitor
1055 1847 1218 1932 delegante
1239 1867 1310 1917 nou

292 1975 397 2039 minus
421 1973 569 2040 solvendo
593 1977 651 2057 est,
675 1992 770 2057 quam
791 1978 933 2059 tempore
954 1972 1183 2058 promissionis.

359 2095 432 2164 lam
455 2096 627 2182 quaeritur,
649 2101 757 2165 utrum
778 2097 888 2180 regula
910 2098 958 2166 ita
972 2097 1168 2170 eonforuata
1181 2099 1309 2168 tnutum

293 2221 333 2288 ad
356 2220 583 2304 delegationem
605 2220 688 2289 dotis
710 2238 805 2288 musa
827 2222 885 2289 sub
907 2221 1086 2292 eonditione
1111 2225 1309 2291 uontraetnm

292 2347 413 2432 valent,
438 2365 533 2433 quam
555 2345 655 2418 solam
677 2344 699 2411 1.
715 2326 958 2431 41Jsignjfioat,
981 2365 1022 2417 an
1045 2346 1141 2418 auara
1164 2344 1204 2416 ad
1225 2344 1310 2413 ulios

293 2471 505 2556 delegationes
527 2471 744 2538 transferenda
767 2471 825 2555 sit,
850 2471 997 2558 inprimis
1020 2469 1060 2544 ad
1083 2490 1164 2556 eam,
1186 2470 1221 2538 in
1242 2489 1311 2554 qua

293 2595 415 2662 debitor
448 2615 485 2660 eo
517 2594 686 2678 liberatur,
719 2595 801 2680 quod
836 2595 1010 2667 debitorem
1037 2613 1130 2664 sunm
1155 2594 1310 2668 proditori

292 2717 361 2786 viee
385 2738 442 2786 sna
462 2736 553 2788 reum
575 2719 640 2786 dat.

359 2842 604 2912 llluehlonbruoh
632 2842 759 2929 quidem
785 2842 872 2914 illum
906 2843 1034 2928 regulae
1066 2845 1310 2928 translationem

213 2995 216 3002 ·
292 2969 327 3038 in
349 2968 430 3037 libro
454 2990 526 3054 suo,
549 2970 603 3055 qui
628 2965 851 3054 „Pnndskten“
875 2969 1069 3056 inscribitur,
1091 2969 1310 3058 protensius

294 3093 389 3160 dubio
416 3095 635 3168 ratiocinatus:
669 3094 752 3180 quod
778 3094 813 3160 in
834 3115 930 3162 umam
952 3095 1182 3178 delegationem
1202 3093 1311 3179 omar,

294 3215 353 3281 hoo
376 3216 416 3281 ad
439 3234 547 3283 omnes
570 3218 782 3301 delegationos
803 3220 971 3304 pertinere.
1242 3231 1244 3233 ’

360 3337 462 3412 Hasss
500 3343 608 3409 eontra
645 3342 756 3408 statuit
792 3342 872 3410 hune
895 3342 1051 3426 'regnam
1085 3365 1124 3412 ex
1156 3342 1310 3430 propriae

295 3463 500 3547 delegationis
527 3464 609 3539 dotis
637 3483 732 3533 eausa
759 3465 861 3536 foetae
888 3472 1004 3536 natura
1028 3469 1202 3556 profatum
1223 3486 1310 3553 enee,

295 3589 418 3660 disens:
437 3586 533 3672 ·„Bei
563 3581 618 3656 der
647 3590 854 3673 eigentliohon
883 3591 1094 3676 Delegatiou“
1119 3627 1161 3638 ·—
1184 3591 1310 3660 soilioet

294 3715 330 3782 in
352 3733 389 3780 eo
413 3712 617 3796 delegationis
639 3733 725 3800 essu,
748 3715 866 3800 inquo
887 3717 957 3802 quis
972 3715 1117 3784 oreditori
1134 3734 1190 3782 suo
1206 3714 1308 3784 alium

295 3837 468 3907 debitorem
496 3837 550 3904 dat
571 3838 640 3926 vies
662 3859 719 3907 sua
742 3875 784 3885 -
809 3841 900 3924 „tritt
922 3841 1035 3907 immer
1056 3837 1171 3920 vollige
1193 3837 1307 3909 Abfiu-

295 3960 380 4044 dung
401 3962 464 4046 ein,
488 3961 539 4028 die
554 3960 737 4044 Forderung
751 3964 875 4030 moohte
889 3961 1018 4044 bedingt
1033 3962 1100 4030 sein
1115 3961 1192 4034 oder
1206 3962 1306 4046 nieht,
