2852 4780
676 375 836 480 „¹9⁴-

249 564 355 627 turum
378 577 447 624 esse
468 554 633 644 promisit,
662 552 746 640 qnod
767 553 836 641 ipse
858 551 1016 638 deleganti
1038 553 1155 622 donare
1177 552 1275 638 velit,

249 703 312 750 non
334 685 413 769 puto
434 679 582 766 impediri
603 698 712 765 posse,
736 677 902 762 quominus
917 675 1067 746 bonefisio
1082 681 1275 764 eompeten-

250 807 313 872 tiae
336 809 391 870 aut
413 804 594 871 defensione
617 800 748 884 exlege
771 800 880 868 Oineia
901 802 1019 888 petita,
1042 801 1193 868 adversus
1208 801 1274 868 de-

248 928 436 1013 legaturium
471 929 589 995 utatur.
634 925 701 992 Neo
733 926 835 1009 magis
866 925 1015 1011 impediri
1048 943 1141 1010 posse
1174 929 1273 1012 puto,

250 1053 327 1138 quin
354 1050 515 1134 delegatus
544 1048 775 1117 defensionibus
802 1047 976 1131 delegantis
998 1052 1122 1134 utatur,
1156 1049 1185 1119 ei
1208 1069 1272 1115 ex-

248 1195 357 1263 presse
384 1175 417 1242 id
444 1174 605 1260 promisit,
641 1171 725 1258 quod
758 1170 907 1256 delegans
940 1171 1131 1255 delegaturio
1160 1171 1271 1257 debet,

248 1299 300 1366 vel
333 1299 449 1367 donare
483 1297 551 1364 vult
585 1301 643 1364 ete.
689 1295 778 1374 Quod
811 1314 883 1362 oum
917 1294 1123 1380 delegationis
1149 1300 1271 1364 natura

248 1443 390 1510 pugnare
413 1421 615 1488 manifestum
637 1423 695 1486 eet.

317 1545 352 1612 Si
363 1545 461 1628 igitur
471 1542 676 1612 nihilominus
688 1541 923 1630 stipulationem
938 1544 1022 1612 inter
1036 1543 1268 1628 delegaturium

250 1676 282 1740 et
303 1668 482 1753 delegatum
504 1668 633 1735 insertis
655 1668 760 1736 verbis
774 1668 823 1735 vis
846 1673 1029 1756 eoneeptam
1051 1667 1167 1753 fuisse,
1192 1688 1268 1735 sen-

248 1795 381 1862 tentiam
403 1797 492 1862 tuam
514 1791 682 1860 defendere
704 1812 768 1860 non
789 1796 897 1878 potes,
924 1793 987 1860 nisi
1009 1793 1139 1876 statuis,
1165 1792 1199 1860 in
1223 1791 1267 1859 iis

249 1919 391 2002 casibus,
417 1917 451 1983 in
474 1917 586 2002 quibus
608 1915 694 1999 leges
715 1920 840 2001 vetant,
867 1916 1045 2002 delegatum
1068 1917 1267 2002 erratione,

250 2060 330 2127 quae
352 2041 415 2126 ipsi
437 2059 509 2107 eum
532 2039 695 2122 delegante
719 2045 783 2124 est,
806 2041 1003 2108 defensiones
1024 2045 1186 2128 repetere,
1208 2044 1266 2106 aut

250 2166 279 2233 ei
304 2163 519 2249 exceptionem
543 2163 710 2248 aequitatis
732 2183 828 2230 eausa
847 2166 1038 2248 aeneadum,
1055 2163 1264 2248 juriseonsul-

248 2294 317 2358 tum
341 2305 411 2354 eam
434 2287 645 2374 stipulationis
668 2288 903 2376 eonoeptionem
918 2291 1093 2375 speetasse,
1116 2307 1196 2373 quae
1210 2307 1263 2354 ra-

248 2415 367 2480 tionem
401 2413 485 2480 inter
512 2411 710 2496 delegantem
738 2418 770 2479 et
797 2412 1024 2498 delegaturium
1050 2386 1194 2498 respicit}
1228 2412 1262 2476 in

248 2538 288 2604 iis
312 2541 417 2602 autem
441 2537 581 2621 essibus,
609 2537 642 2602 in
665 2537 778 2622 quibus
800 2536 870 2620 lege
891 2537 1053 2621 delegatus
1074 2537 1200 2603 vetatur
1222 2555 1263 2602 ex

248 2679 384 2746 persona
407 2659 580 2742 delegantis
604 2659 801 2726 defensiones
823 2665 985 2746 repetere,
1002 2659 1263 2744 juriseonsultum

249 2803 319 2850 eam
348 2782 559 2870 stipulationis
588 2781 756 2850 formulam
784 2787 959 2870 spectasse,
992 2804 1074 2868 quae
1096 2786 1262 2869 rationem,

249 2927 328 2995 quae
352 2909 494 2992 delegato
517 2927 589 2976 oum
611 2907 775 2992 delegante
798 2912 846 2978 est
867 2908 901 2974 in
924 2927 958 2974 se
979 2909 1108 2996 reoepit.

177 3083 179 3090 ,
314 3031 516 3100 Praeclarum
538 3020 613 3116 hoo,
641 3033 669 3098 si
691 3033 783 3100 modo
805 3033 908 3100 lentes
931 3053 1054 3119 quoque
1076 3034 1123 3100 ita
1144 3033 1260 3101 disor-

247 3159 368 3221 nerent.
410 3155 495 3231 Quae
518 3157 649 3222 maximi
671 3158 822 3222 momenti
845 3157 1053 3224 formularum
1075 3155 1262 3241 differentia,

120 3355 129 3364 ³
248 3278 378 3344 sivero
406 3281 551 3361 extaret,
565 3259 689 3344 'mirum
717 3285 817 3363 esset,
840 3279 1082 3363 jurisconsultos
1104 3261 1261 3349 Romanos

249 3420 319 3468 eam
340 3421 381 3467 ne
403 3419 465 3468 uno
489 3399 616 3486 quidem
638 3402 734 3468 verbo
757 3403 909 3485 attigisse.
978 3427 982 3432 ·
1145 3384 1160 3414 ⁸

158 3497 161 3506 V
278 3597 282 3606 ,
314 3524 378 3593 Eas
400 3529 506 3592 autem
527 3523 632 3611 leges,
654 3526 689 3591 in
712 3524 824 3610 quibus
848 3526 1009 3614 stipulatio
1031 3530 1115 3600 inter
1135 3529 1259 3612 delega-

246 3649 364 3718 tarium
392 3654 424 3716 et
446 3648 624 3732 delegatum
646 3655 791 3737 respeetu
807 3651 911 3734 ‚unius
935 3672 975 3719 ex
996 3655 1139 3741 pristinis
1161 3652 1258 3719 ratio-

246 3775 339 3842 nibus
365 3778 516 3861 ooneepta
543 3793 612 3840 esse
639 3773 780 3860 uidetur,
807 3776 1010 3864 interpretari
1036 3795 1099 3843 non
1127 3776 1258 3862 poteris,

246 3899 309 3966 nisi
331 3899 482 3968 eoneedas
503 3899 601 3968 verba
622 3898 687 3968 illie
708 3905 875 3988 usurpata:
900 3897 1003 3985 „quod
1024 3899 1118 3968 debes
1138 3901 1258 3989 promi·

1410 2077 1414 2242 l
