2852 4780
763 385 805 450 bd

702 471 861 484 *un-¹1·-

277 583 363 650 uern,
378 563 489 650 veluti,
511 583 609 650 qaum
623 563 746 632 debitor
760 579 860 646 meus,
881 561 1022 650 perieule
1037 583 1106 648 suo,
1120 563 1313 632 debitorem

279 709 372 757 suum
399 688 479 756 mibi
507 687 647 773 delegat,
675 692 731 754 aut
752 706 850 773 quum
872 691 985 771 rogatu
1006 686 1200 772 fidejussoris
1223 708 1311 756 oum

280 834 334 882 reo
366 813 511 902 experior
518 839 527 895 ;
555 832 629 880 nam
653 812 796 900 quamvis
819 812 960 878 debitum
982 831 1090 880 meum
1111 833 1310 900 persequar,

279 938 483 1006 nibilominus
506 943 538 1004 et
559 938 645 1005 illius
668 937 830 1021 negotium
851 957 943 1020 gero;
966 937 1064 1021 igitur
1087 938 1170 1023 quod
1190 939 1307 1004 minus

280 1082 459 1149 servavero,
482 1083 655 1150 consequar
677 1061 818 1128 mandati
841 1059 994 1128 aetione.“
1295 1141 1299 1145 ,

346 1187 384 1254 L.
401 1189 455 1254 45.
479 1186 546 1270 §.7
570 1187 639 1253 eod.
681 1185 790 1270 ,Quod
819 1185 898 1250 mihi
925 1186 1077 1271 debebas,
1107 1205 1127 1252 a
1154 1186 1304 1254 debitore

281 1313 359 1394 (tuo.
375 1311 523 1379 ins..Hal.
535 1309 641 1394 Vulg.)
666 1309 836 1395 stipulatus
859 1329 930 1376 sum
951 1309 1093 1396 perionlo
1108 1314 1179 1390 tuo;
1202 1330 1302 1396 posse

281 1454 332 1503 me
355 1455 447 1520 agere
468 1439 574 1502 teeum
596 1434 738 1500 mandeti
759 1435 794 1501 in
816 1433 850 1502 id
871 1434 956 1519 quod
978 1435 1084 1502 minus
1105 1435 1144 1501 ab
1158 1433 1214 1500 illo
1229 1453 1302 1500 ser-

282 1579 357 1628 vare
379 1563 507 1648 potero,
529 1559 646 1644 Nerva,
668 1558 838 1626 Atilioinus
862 1559 962 1644 ajunt,
984 1559 1129 1644 quamvis
1150 1558 1184 1624 id
1206 1577 1301 1626 mau-

282 1685 391 1752 datum
414 1684 454 1752 ad
476 1681 607 1767 meam¹)
629 1701 698 1752 reru
720 1685 892 1770 pertineat3
914 1688 949 1751 et
970 1685 1100 1765 merito;
1122 1687 1197 1752 tuno
1213 1683 1302 1750 enim

281 1809 435 1877 liberatur
455 1809 495 1894 is,
518 1810 572 1896 qui
595 1810 769 1878 debitorem
791 1808 927 1895 delegat,
950 1810 978 1875 si
1000 1827 1117 1876 nomeu
1139 1808 1207 1892 ejus
1230 1829 1301 1878 ore-

282 1933 367 2000 ditor
400 1938 525 2000 seoutus
553 1938 617 2019 est,
650 1954 714 2000 non
743 1951 816 2000 oum
842 1932 983 2020 perieulo
1014 1933 1164 2000 debitoris
1193 1933 1234 2000 ab
1264 1953 1302 2000 eo

284 2053 485 2143 stipulatur.“

351 2178 411 2245 His
439 2183 524 2246 oerte
545 2179 623 2247 loeis
646 2179 845 2266 apertissime
867 2179 1063 2268 declaratur,
1086 2179 1191 2250 'ferme
1214 2179 1303 2249 dele·
1405 2227 1406 2256 1

285 2305 399 2390 gatarii
421 2308 545 2371 tantum
568 2324 638 2371 esse
660 2305 821 2388 negotium
845 2306 927 2392 quod
949 2307 1043 2392 gerit,
1067 2324 1163 2392 quum
1178 2326 1198 2372 a
1212 2306 1304 2374 dele-

284 2435 358 2514 gato
382 2429 567 2515 stipulatur,
591 2435 722 2516 excepto
745 2429 873 2516 quidem
896 2449 932 2498 eo
955 2449 1047 2516 oasa,
1072 2431 1107 2496 in
1125 2451 1190 2516 quo
1213 2429 1303 2498 dele-

285 2573 374 2638 gans,
398 2558 543 2638 suscepto
566 2554 600 2618 in
623 2573 657 2620 se
676 2553 827 2640 periculo,
850 2573 972 2622 meram
984 2554 1192 2638 delegationis
1206 2559 1303 2623 natu-
1405 2615 1406 2618 ,

285 2697 354 2742 ram
369 2675 545 2762 paullulum
560 2677 750 2744 immutavit.
774 2678 971 2764 Quamquam
984 2679 1082 2763 igitur
1097 2679 1304 2766 stipulatione

229 2865 232 2869 .
287 2799 472 2885 delegatorii
495 2799 623 2888 quidam
647 2801 782 2868 eduntur
804 2800 948 2889 effaetus,
972 2805 1026 2890 qui
1048 2804 1082 2870 in
1104 2804 1304 2888 delegantem
1405 2813 1406 2816 ’

286 2923 525 3012 delegatumque
540 2925 728 3011 redundant,
751 2925 810 2993 hoo
824 2931 930 2996 tamen
944 2947 1009 2995 non
1023 2925 1139 2996 ideireo
1154 2927 1200 3012 fit,
1217 2929 1303 3012 quod

287 3049 499 3132 delegatarius
520 3054 648 3135 negotia
669 3071 778 3118 eorum
798 3052 906 3138 gessit,
929 3052 985 3118 sed
1000 3057 1074 3120 sunt
1087 3053 1193 3140 potius
1209 3051 1302 3119 effee-

287 3176 382 3238 tus-a
405 3172 595 3255 delegatorio
623 3195 687 3242 non
715 3177 864 3263 spectati:
898 3175 950 3242 hio
979 3177 1064 3243 enim
1094 3176 1174 3242 nibil
1201 3175 1302 3262 aliud,

289 3315 383 3382 quam
420 3297 587 3383 peouniam
620 3298 759 3364 debitam
793 3300 919 3391 exigere
953 3301 1116 3386 suumque
1139 3301 1301 3383 negotium

288 3440 397 3505 gerere
419 3420 505 3506 vult,
532 3441 634 3507 neque
661 3421 747 3488 aliud
776 3421 852 3508 quid
873 3423 954 3490 velle
977 3424 1079 3492 debet.
1121 3423 1194 3490 Non
1216 3423 1302 3491 euim

290 3551 338 3614 est
360 3547 389 3614 ei
411 3542 504 3633 ratio,
527 3525 607 3632 quae
629 3546 786 3630 deleganti
809 3566 881 3615 oum
902 3545 1045 3632 delegato
1069 3552 1129 3633 est,
1151 3547 1300 3632 duranda

289 3692 329 3738 ne
363 3671 504 3739 euriosus
526 3670 681 3739 videatur.
726 3671 813 3738 Nihil
845 3673 944 3756 igitur
978 3671 1045 3756 ejus
1076 3672 1210 3739 interest
1227 3691 1301 3759 per

345 3838 365 3904 ¹)
387 3837 545 3893 Leotiouem
556 3837 769 3894 Haloaudrinam
787 3837 874 3896 seeuti
891 3853 994 3909 sumus,
1012 3853 1084 3908 quae
1098 3805 1142 3892 bio
1153 3807 1300 3895 manifesto
1405 3917 1406 3924 ἶ

290 3933 381 4004 prisea
393 3949 431 3992 ao
447 3939 524 3993 reots
540 3939 591 4007 est,
609 3935 782 3994 Florentinae
799 3937 871 3992 enim
889 3935 970 3992 leodio
988 3941 1044 3992 est:
1063 3934 1182 4008 ,tuamf‘
1259 3961 1263 3964 -
1405 3933 1406 3940 ¹
